%% LaTeX2e file `Response1.bib'
%% generated by the `filecontents' environment
%% from source `response' on 2021/12/03.
%%
@article{Grossman,
author = {Grossman, Shelly and Abraham, Ittai and Golan-Gueta, Guy and Michalevsky, Yan and Rinetzky, Noam and Sagiv, Mooly and Zohar, Yoni},
title = {Online Detection of Effectively Callback Free Objects with Applications to Smart Contracts},
year = {2017},
number = {POPL},
url = {https://doi.org/10.1145/3158136},
doi = {10.1145/3158136},
}
@article{Albert,
author = {Albert, Elvira and Grossman, Shelly and Rinetzky, Noam and Rodr\'{\i}guez-N\'{u}\~{n}ez, Clara and Rubio, Albert and Sagiv, Mooly},
title = {Taming Callbacks for Smart Contract Modularity},
year = {2020},
number = {OOPSLA},
url = {https://doi.org/10.1145/3428277},
doi = {10.1145/3428277},
}

@article{Permenev,
  title={VerX: Safety Verification of Smart Contracts},
  author={Anton Permenev and Dimitar I. Dimitrov and Petar Tsankov and Dana Drachsler-Cohen and Martin T. Vechev},
  journal={2020 IEEE Symposium on Security and Privacy (SP)},
  year={2020},
  pages={1661-1677}
  }

  @inproceedings{Drossopoulou,
author="Drossopoulou, Sophia and Noble, James and Mackay, Julian and Eisenbach, Susan",
editor="Wehrheim, Heike and Cabot, Jordi",
title="Holistic Specifications for Robust Programs",
booktitle="Fundamental Approaches to Software Engineering",
year="2020",
publisher="Springer International Publishing",
address="Cham",
pages="420--440",
}

@misc{Chlipala,
  author = "Adam Chlipala",
  title = "Certified Programming with Dependent Types",
 url = "http://adam.chlipala.net/cpdt/",
 year = 2019,
 date = "2021-12-02",
}

@misc{ChlipalaFRAP,
  author = "Adam Chlipala",
  title = "frap: Formal Reasoning about Programs",
 url = "https://github.com/achlipala/frap",
 year = 2019,
 date = "2021-12-02",
}

