@string{LNCS = {LNCS}}

@inproceedings{AOP,
  title = {{A}spect-{O}riented {P}rogramming},
  author = "G. Kiczales and J. Lamping and A. Mehdhekar and C. Maeda and C. V. Lopes and J. Loingtier and J. Irwin",
  year = "1997",
  booktitle = "ECOOP",
  series = "LNCS"}

@inproceedings{IDF,
  title = {Implicit dynamic frames: {C}ombining dynamic frames and separation logic},
  author = "Jan Smans and Bart Jacobs and Frank Piessens",
  year = "2009",
  booktitle = "ECOOP",
  series = "LNCS"} 

@INPROCEEDINGS{DenyGuarantee,
    author = {Mike Dodds and Xinyu Feng and Matthew Parkinson and Viktor Vafeiadis},
    title = {Deny-guarantee reasoning},
    booktitle = {ESOP},
    year = {2009},
    publisher = {Springer}}

@inproceedings{secureJS,
title = {{Automated Analysis of Security-Critical {JavaScript} APIs}},
author  = {Ankur Taly and Ulfar Erlingsson and John C. Mitchell and Mark S. Miller and Jasvir Nagra},
year  = 2011,
booktitle = {IEEE Symposium on Security and Privacy (SP)}
}

@InProceedings{polymer,
  author = "Lujo Bauer and Jay Ligatti and David Walker",
  title = "Composing Security Policies with {Polymer}",
  booktitle = "PLDI",
  year = 2005}

@InProceedings{ODs,
title = "Ownership Domains: Separating Aliasing Policy from Mechanism",
author = "Jonathan Aldrich and Craig Chambers",
year = "2004",
booktitle = "ECOOP",
series = "Springer"}

@InProceedings{KeyKOS,
title = {KeyKOS - A Secure, High-Performance Environment for S\/370},
author = "Bill Frantz",
year = "1998",
booktitle = "SHARE 52 I "}

@InProceedings{adsafe,
title = {{An Analysis of the Mozilla Jetpack Extension FrameworK}},
Author = "Rezwana Karim and Mohan Dhawan and Vinod Ganapathy and Chung-Chieh Shan",
year = "2012",
booktitle = "ECOOP",
series = "Springer"}

@InProceedings{objInvars,
title = "Object Invariants in Dynamic Contexts",
author = "K. Rustan M. Leino and Peter M{\"{u}}ller",
year = "2004",
booktitle = "ECOOP",
series = "Springer"}

@InProceedings{WuLam,
title = "A semantic model for authentication Protocols",
author = "T. Wood and S. Lam",
year = "1993",
booktitle = "IEEE Computer Society Symposium on Research in Security and Privacy"}

@InProceedings{Maffeis:aiamb:thesis00,
 author =       {C{\'e}dric Fournet and Andrew D. Gordon and Sergio Maffeis},
  title =        {{A Type Discipline for Authorization in Distributed Systems}},
  booktitle = {CSF},
  year =         {2007},
series = "Springer"}

@InProceedings{howInheritance,
 author =       {Ewan Tempero and James Noble and Heyden Melton},
  title =        {{How do {J}ava Programmers use Inheritance?}},
  booktitle = {ECOOP},
  year =         {2008}}

@InProceedings{ddd,
 author =       {David Swasey and Deepak Garg and Derek Dreyer},
  title =        {{Robust and Compositional Verification of Object Capability Patterns}},
  booktitle = {OOPSLA},
  year =         {2017}}
  
@InProceedings{mao,
 author =       {Curtis Clifton and  Gary Leavens and James Noble},
  title =        {{Ownership and Effects for More Effective Reasoning About Aspects}},
  booktitle = {ECOOP},
  year =         {2007}}

@InProceedings{RelAspects,
 author =       {David J. Pierce and James Noble},
  title =        {{Relationship Aspects}},
  booktitle = {AOSD},
  year =         {2006}}

@InProceedings{multiple,
 author =       {Nicholas Cameron and Sophia Drossopoulou and James Noble and Matthew Smith},
  title =        {Multiple {O}ownership},
  booktitle = {OOPSLA},
  year =         {2007},
series = "ACM"}

@InProceedings{ownEncaps,
 author =       {David Clarke and Sophia Drossopoulou},
  title =        {Ownership, encapsulation and the disjointness of type and effectr},
  booktitle = {OOPSLA},
  year =         {2002},
series = "ACM"}


@inproceedings{ownalias,
 author = {Clarke, David G. and Potter, John M. and Noble, James},
 title = {Ownership Types for Flexible Alias Protection},
 booktitle = {Proceedings of the 13th ACM SIGPLAN Conference on Object-oriented Programming, Systems, Languages, and Applications},
 series = {OOPSLA '98},
 year = {1998},
 isbn = {1-58113-005-8},
 location = {Vancouver, British Columbia, Canada},
 pages = {48--64},
 numpages = {17},
 url = {http://doi.acm.org/10.1145/286936.286947},
 doi = {10.1145/286936.286947},
 acmid = {286947},
 publisher = {ACM},
 address = {New York, NY, USA},
 keywords = {alias protection, containment, ownership, programming language design, representation exposure, sharing},
} 

@InProceedings{tribe,
 author =       {David Clarke and Sophia Drossopoulou and James Noble and Tobias Wrigstad},
  title =        {{Tribe: More Types for Virtual Classes}},
  booktitle = {AOSD},
  year =         {2008},
series = "ACM"}


@InProceedings{existVar,
 author =       {Nicholas Cameron and Sophia Drossopoulou},
  title =        {Existential {Q}quantification for {V}ariant  {O}ownership},
  booktitle = {ESOP},
  year =         {2009}
  }



@inproceedings{murray10-infoflow,
  title = "Analysing the Information Flow Properties of Object-Capability Patterns",
  author = "Toby Murray and Gavin Lowe",
  year = "2010",
  booktitle = "FAST",
  series = "LNCS"
}

@inproceedings{JoeE,
  title = {{Joe-E a Security-Oriented Subset of Java}},
  author = "Adrian Mettler and David Wagner and Tyler Close",
  year = "2010",
  booktitle = "NDSS"
  }
  
 
@inproceedings{essence,
  title = "The {E}ssence of {J}ava{S}cript",
  author = "Arjun Guha and Claudiu Saftoiu and Shriram Krishnamurthi",
  year = "2010",
  booktitle = "ECOOP"
  }

@inproceedings{balto,
  title = "Maintaining Database integruty with refinement Types",
  author = "Ioannis G. Baltoplouls and Johannes Borgstrom and Andrew G. Gordon",
  year = "2011",
  booktitle = "ECOOP"
  }
  
  @inproceedings{reasonJS,
  title = {{Towards a program logic for JavaScript}},
  author = "Philippa Gardner and Sergio Maffeis and Gareth Smith",
  year = "2012",
  booktitle = "POPL"
  }
  
  @inproceedings{testing,
  title = {{Guiding dynamic symbolic execution toward unverified program executions}},
  author = "Maria Christakis and  Pater Mueller and Valentin Wuestholz",
  year = "2016",
  booktitle = "ICSE"
  }
  
 @inproceedings{dafny,
 author = {K. R. Leino},
 title = {Dafny: An Automatic Program Verifier for Functional Correctness},
 booktitle = {LPAR16},
 year = {2010},
 month ={April},
 publisher = {Springer}
}
  
@inproceedings{Z3,
 author = {Leonardo De Moura and Nikolaj Bj{\o}rner},
 title = {Z3: an efficient SMT solver},
 booktitle = {TACAS},
 series = {ETAPS},
 year = {2008},
 publisher = {Springer}
}

@misc{RhoLang,
  AUTHOR        = {Lucius Gregory Meredith and Jack Petterson and Gary Stephenson and Michale Stay and Kent Shikama and Joseph Denman},
  TITLE     = {{C}ontracts, {C}omposition, and {S}caling} ,
 note	= {https://developer.rchain.coop/assets/rholang-spec-0.2.pdf},
   year = 2018
}
%HACK
%   note	= {prog.vub.ac.be/\textasciitilde{}tvcutsem/\-invokedynamic/\-js-membranes, and also http://tvcutsem.github.io/membranes},

@misc{membranesJavascript,
  AUTHOR        = {Tom van Cutsem},
  TITLE     = {Membranes in {J}ava{S}cript} ,
 note	= {prog.vub.ac.be/\textasciitilde{}tvcutsem/\-invokedynamic/\-js-membranes},
   year = 2012
}


@phdthesis{murray10dphil,
  title = "Analysing the Security Properties of Object-Capability Patterns",
  author = "Toby Murray",
  year = "2010",
  school = "University of Oxford"
}


@inproceedings{enforcing,
title = "Enforceable Security Policies Revisited",
author = "David  Basin and Vincent Jug{\'e}  and Felix Klaedtke and Eugen Zalinescu",
year = "2012",
booktitle = "POST",
series = "ETAPS, LNCS"}

@inproceedings{stepindex,
title = "State-dependent representation independence",
author = "Amal Ahmed and Derek Dreyer and Andreas Rossberg",
year = "2009",
booktitle = "POPL"}

@inproceedings{monitoring,
title = "Monitoring security policies with metric first-order temporal logic",
author = "David Basin and  and Felix Klaedtke and Samuel M{\"{u}}ller",
year = "2010",
booktitle = "SACMAT"}



@phdthesis{MillerPhD,
  title = {{Robust Composition: Towards a Unified Approach to Access Control
and Concurrency Control}},
  author = "Mark Samuel Miller",
  year = "2006",
  school = "Baltimore, Maryland"
}

@misc{verifGrants,
    title="Verification and Correctness -  grants awarded between October 2005 and November 2010",
    author="EPSRC",
  note={www.epsrc.ac.uk/SiteCollectionDocuments/ourportfolio/}}
    }
    
@misc{lazy,
    title="The Lazy Programmer's Guide to Security",
    author="Marc Stiegler",
  note={HP Labs, {{www.object-oriented-security.org}}}
    }
    
   
    
    @misc{ecma,
    author="ECMA consortium",
    title="ECMAScript  2017 Language Specification",
    date= "June 2017",
    note="https://www.ecma-international.org/publications/standards/Ecma-262.htm"}


@TechReport{towardsCPSV,
    title={{Towards Capability Policy Specification and Verification}},
    author={Sophia Drossopoulou and James Noble},
    year= 2014,
    institution={School of Engineering and Computer Science, Victoria University of Wellington},
    number = {{ECSTR-14-05}},
  url=  {{https://ecs.victoria.ac.nz/Main/TechnicalReportSeries}}
  }
    
@inproceedings{ELang,
  AUTHOR        = {Mark Samuel Miller and Chip Morningstar and Bill Frantz},
  TITLE     = {{Capability-based Financial Instruments: From Object to Capabilities}} ,
   booktitle ={{Financial Cryptography}},
   year = 2000,
   publisher ={Springer}
}

@misc{Caja,
  AUTHOR        = {Mark Samuel Miller and Mike Samuel and Ben Laurie and Ihab Awad and Mike Stay},
  TITLE     = {{Safe active content in sanitized JavaScript}} ,
   note	= {{code.google.com/p/google-caja/}},
    year = 2008
}

@misc{Solidity,
  author        = {Solidity team},
  TITLE     = {{Solidity}} ,
   note	= {{https://solidity.readthedocs.io/en/develop/}},
}

@misc{SolidityCoin,
  AUTHOR        = {{Solidity Community}},
  TITLE     = {{Subcurrency Example}} ,
   note	= {{//solidity.}{readthedocs.io/en/develop/introduction-to-smart-contracts.html}}
}
%HACK note	= {{http://solidity.readthedocsio/en/develop/introduction-to-smart-contracts.html}},


@misc{SolidityModifier,
  AUTHOR  = {Solidity Community},
  TITLE     = {{Function Modifiers}} ,
   note	= {{http://solidity.readthedocs.io}{/en/develop/contracts.html\#function-modifiers}}
}

@misc{SolidityMultiSigJuly,
  AUTHOR        = {CodeTract},
  TITLE     = {{A look into Parity's Multisig Wallet bug affecting >\$100 million in Ether and tokens}} ,
   note	= {{https://medium.com/@codetractio/a-look-into-paritys-multisig-wallet-bug-affecting-100-million-in-ether-and-tokens-356f5ba6e90a}}
}

@misc{SolidityMultiSigNovember,
author = {MashableUK},
title = {{Wallet bug freezes more than \$150 million worth of Ethereum}},
note = {{http://mashable.com/2017/11/08/ethereum-parity-bug/\#7xEldv0f3mqP}}
}




@InProceedings{correspondence,
author= {Andrew D. Gordon and Alan Jeffrey},
title= {{Typing correspondence assertions for communication protocols}},
booktitle = {MFPS},
year = 2001,
  publisher =    {Elsevier, ENTCS}
}


 
@article{objSess,
author= {Mariangiola Dezani Ciancaglini and Sophia Drossopoulou and Dimitris Mostrous and Nobuko Yoshoda},
title= {{Objects and Session Types}},
journal = {{Information and Computation}},
year = 2009
}


@InProceedings{RolesStacksHistories,
author= {Johannes Borgstrom amd  Andrew D. Gordon and Riccardo Pucella},
title= {{Roles, Stacks, Histories: A Triple for Hoare}},
booktitle = {Reflections on the work of C.A.R. Hoare},
year = 2010,
editor = {C.B. Jones and A.W. Roscoe and K.R. Wood},
pages = {71--100},
  publisher =    {Springer}
}

@article{ownVerif,
author= {Werner M. Dietl and Peter M{\"{u}}ller},
title= {{Object Ownership in Program Verification}},
journal = {{Aliasing in Object-Oriented Programming}},
year = 2012
}

@article{existOwn,
author= {Nicholas Cameron and Sophia Drossopoulou and James Noble},
title= {{Ownership Types are Existential Types}},
journal = {{Aliasing in Object-Oriented Programming}},
year = 2012
}

@inproceedings{wild,
author= {Nicholas Cameron and Sophia Drossopoulou and Erik Ernst},
title= {{A Model for Java Wildcards}},
booktitle = {{ECOOP}},
year = 2008
}

@inproceedings{infJS,
author= {Christopher Anderson and Paola Giannini and Sophia Drossopoulou},
title= {{Type Inference for JavaScript}},
booktitle = {{ECOOP}},
year = 2005
}


@article{babyJ,
author= {Christopher Anderson and Sophia Drossopoulou},
title= {{BabyJ}: from object-based to class-based programming via types},
journal = {ENTCS},
year = 2003
}

@article{TasteOfCapsicum,
author= {R. N. M.  Watson and J.  Anderson and B. Laurie B. and K. Kennaway},
title= {A taste of Capsicum, practical capabilities for Unix},
journal = {Communications of the ACM},
year = 2012,
  publisher =    {ACM Press}
}

@misc{CAP,
author= {M. V. Wilkes and R. M. Needham},
title= {{The Cambridge CAP computer and its operating system}},
booktitle = {ACM symposium on Operating systems principles},
year = 1979,
  publisher =    {Elsevier North-Holland Inc, Amsterdam, the netherlands}
}

@article{Dennis66,
author= {Jack B. Dennis and Earl C. Van Horn},
title= {{Programming Semantics for Multiprogrammed Computations}},
journal = {Comm. ACM},
year = 1966,
volume = 9,
number = 3,
  publisher =    {ACM Press}
}

@article{Lampson76,
author= {Butler W. Lampson and Howard E. Sturgis},
title= {{Reflection on an Operating System Design}},
journal = {Communications of the ACM},
year = 1976,
volume = 19,
number = 5,
  publisher =    {ACM Press}
}

@inproceedings{verifast,
title = "VeriFast: A Powerful, Sound, Predictable, Fast Verifier for {C} and {J}ava - Invited Paper",
author = "Bart Jacobs and Jan Smans and Pieter Philippaerts and Frederic Vogels and Willem Penninckx and Frank Piessens",
year =  2011,
booktitle = "NFM"}

@article{IDF,
author= {Jan Smans and Bart Jacobs and Frank Piessens},
title= {{Implicit Dynamic Frames}},
journal = {ToPLAS},
year = 2012,
  publisher =    {ACM}
}

@InProceedings{MattAlex,
    author = { Matthew Parkinson and Alexander J. Summers},
    title = {{The Relationship between Separation Logic and Implicit Dynamic Frames}},
    booktitle = {ESOP},
year = 2011
}

@InProceedings{Bauer07consumablecredentials,
    author = {Lujo Bauer and Kevin D. Bowers and Frank Pfenning and Michael K. Reiter},
    title = {Consumable Credentials in Logic-Based Access Control},
    booktitle = {Network and Distributed Systems Security Symposium},
year = 2007,
pages = {143--157},
  series =       LNCS,
  publisher =    {Springer}
}

@InProceedings{FeatherFirefox,
    author = {Aaron Bohannon and Benjamin Pierce},
    title = {{Featherweight Firefox - Formalizing the Core of a web browser}},
    booktitle = {{USENIX Security Symp.}},
year = 2010
}

@InProceedings{LinearLogicKnowledge,
    author = {Deepak Garg and Lujo Bauer and Kevin D. Bowers and Frank Pfenning and Michael K. Reiter},
    title = {A linear knowledge of authorization and knowledge},
    booktitle = {{ESoRICS}},
year = 2006,
  series =       LNCS,
  publisher =    {Springer}
}

@book{Java2Security,
    author = {Li Gong and G. Ellison and M. Dageforde},
    title = {{Inside the Java 2 platform security}},
    publisher = {Addison Wesley},
year = 2002}
 
@InProceedings{beyondTheSandbox,
    author = {Li Gong and Marianne Mueller and Hemma Prafullchandracand Roland Schemers},
    title = {{Going beyond the Sandbox: An Overview of the New Security Architecture in the Java Development Kit 1.2}},
    booktitle = {Usenix Network and Distributed Systems Security Symposium},
year = 1997}

 @inproceedings{mmt-oakland10,
    author= {S. Maffeis and J.C. Mitchell and A. Taly},
    title = {Object Capabilities and Isolation of Untrusted Web Applications},
    booktitle = "Proc of {IEEE Security and Privacy}",
    year = "2010"
}

@Unpublished{ooToSecurity,
  Author =   {Mark Samuel Miller},
  Title =    {{Secure Distributed Programming with Object-capabilities in JavaScript}},
  Month =    oct,
  Year =     2011,
  Note =     {Talk at Vrije Universiteit Brussel,
                  {{mobicrant-talks.eventbrite.com}}}
}

@inproceedings{usinghistory,
    author = {K. Rustan M. Leino and Wolfram Schulte},
    title = {Using History Invariants to Verify Observers},
    booktitle = {ESOP},
    year = {2007}
}

@Unpublished{newspeak,
  Author =   {{The Newspeak Team}},
  Title =    {{Several Newspeak Documents}},
  Month =    {September},
  Year =     2012,
  Note =     {{\tt {newspeaklanguage.org/}}}
}

@Unpublished{Ponzi,
  Author =   {{E. Banisadri}},
  Title =    {{How \$800k Evaporated from the PoWH Coin Ponzi Scheme Overnight}},
 Note =     {https://blog.goodaudience.com/ how-800k-evaporated-from-the-powh-coin-ponzi-scheme-overnight-1b025c33b530.},
   Month =    { },
   Year =     {  }
   }


@Unpublished{ERC20,
  Author =   {{The Ethereum Wiki}},
  Title =    {{ERC20 Token Standard}},
  url	= {https://theethereum.wiki/w/index.php/ERC20\_Token\_Standard},
  month = dec,
  year = 2018
   }

@Unpublished{Dao,
  Author =   {{Christoph Jentsch}},
  Title =    {Decentralized Autonomous Organization to automate governance},
  url =     {https://download.slock.it/public/DAO/WhitePaper.pdf},
   Month =    mar,
   Year =     2016
   }
   
  

@Unpublished{DaoBug,
  Author =   {{Coindesk}},
  Title = {Understanding The {DAO} Attack},
   Note =    {{www.coindesk}{.com}{/understanding-dao-hack-journalists/}},
   Year =     {2016}
   }
%    Month =    {June},  
%  HACK
% Note =    {{https://www.coindesk.com/understanding-dao-hack-journalists/}},
   

@Unpublished{multisigBugOne,
  Author =   {{Cointelegraph}},
  Title =    {{Ethereum Multisig Breach Continues Wreaking Havoc}},
 Note =     {https://cointelegraph.com/news/ethereum-multisig-breach-continues-wreaking-havoc},
   Month =    {July },
   Year =     {2017 }
   }
   
   @Unpublished{multisigBugTwo,
  Author =   {{Parity Technologies}},
  Title =    {{A Postmortem on the Parity Multi-Sig Library Self-Destruct}},
 Note =     {https://paritytech.io/a-postmortem-on-the-parity-multi-sig-library-self-destruct/},
   Month =    {November},
   Year =     {2017 }
   }

@Unpublished{dart,
  Author =   {{The Dart Team}},
  Title =    {{Dart Programming Language Specification}},
  Month =    {June},
  Year =     2012,
  Note =     { {\tt {www.dartlang.org/docs/spec/}}}
}

@Unpublished{holistic,
  Author =   {{S. Drossopoulou}},
  Title =    {{Holistic Specifications for Robust Code}},
  Month =    {July},
  Year =     2018,
  Note =     {Invited Talk at FTfJP and Codemesh, {//www.doc.ic.ac.uk/} {$\sim$scd/Holistic\_Specs.pdf}}
}
%   {https://www.doc.ic.ac.uk/$\sim$scd/Holistic\_Specs.WG2.3.pdf}}


@InProceedings{dynamicOwn,
    author = {Donald Gordon and James Noble},
    title = {{Dynamic Ownership in a Dynamic Language}},
    booktitle = {Dynamic Languages Symposium},
year = 2007,
   publisher =    "ACM"}
 
@Unpublished{Leavens-etal07,
  Author =   {G. T. Leavens and E. Poll and C. Clifton and Y. Cheon and C. Ruby and D. R. Cok and P. M{\"{u}}ller and J. Kiniry and P. Chalin},
  Title =    {{JML Reference Manual}},
  Month =    {February},
  Year =     2007,
  Note =     {Iowa State Univ. { {www.jmlspecs.org}}}
}

@article{staticsfull,
title		= {{A Universe-Type-Based Verification Technique for Mutable Static Fields and Methods}},
author		= {A. J. Summers and S. Drossopoulou and P. M{\"{u}}ller},
year		= {2009},
  Note =     {Journal of Object Technologies}
  }
 

@INPROCEEDINGS{ pubsdoc:staticINV,
booktitle	= {Formal techniques for {Java-like} Programming},
title		= {{A Universe-Type-Based Verification Technique for Mutable Static Fields and Methods (Work in Progress)}},
author		= {A. J. Summers and S. Drossopoulou and P. M{\"{u}}ller},
month		= {June},
year		= {2008},
url		= {http://pubs.doc.ic.ac.uk/staticINV/}}

@INPROCEEDINGS{initalization,
booktitle	= {{OOPSLA}},
title		= {{Freedom before Commitment -- a LIghtweight Type System for Object Initialization}},
author		= {Alexander John Summers and  Peter  M{\"{u}}ller},
year		= {2011}
}

@INPROCEEDINGS{famiglia,
booktitle	= {{OOPSLA}},
title		= {{Familia: Unifying Interfaces, Type Classes, and Family Polymorphism}},
author		= {Yizhou Zhang and Andrew C. Myers},
year		= {2017}
}

@InProceedings{DrossoFrancaMuellerSummers08,
 author = {S. Drossopoulou and A. Francalanza and P. M{\"u}ller and A. J. Summers},
 title = {A Unified Framework for Verification Techniques for Object Invariants},
 booktitle = {ECOOP},
 year = {2008},
 editor = {},
 series = LNCS,
 publisher = {Springer},
}

@INPROCEEDINGS{pubsdoc:invariants-iwaco09,
booktitle	= {IWACO},
title		= {{The need for Flexible Object Invariants}},
series		= {ACM DL},
author		= {Alexander J. Summers and Sophia Drossopoulou and Peter M{\"{u}}ller},
month		= {July},
year		= {2009}}

@INPROCEEDINGS{raceSafe,
booktitle	= {VAMP},
title		= {{Universe Types for Race Safety}},
author		= {David Cunningham and Sophia Drossopoulou and Susan Eisenbach},
year		= {2007}}


@ARTICLE{ pubsdoc:universe-types-encapsulation,
title		= {{Universe Types for Topology and Encapsulation}},
volume		= {5382},
ISBN		= {978-3-540-92187-5},
series		= {LNCS},
author		= {Cunningham, David and Dietl, Werner and Drossopoulou, Sophia and Francalanza, Adrian and M{\"{u}}ller, Peter and Summers, Alexander},
pages		= {72--112},
year		= {2008},
journal         = {FMCO}
}

@article{DietlMueller05,
 author = {Dietl, W. and M\"uller, P.},
 title = {Universes: Lightweight Ownership for {JML}},
 journal = {JOT},
 month = {October},
 year = {2005},
 optkey = {},
 volume = {4},
 number = {8},
 pages = {5--32},
 optannote = {},
 note = {},
}

@article{MuellerPoetzsch-HeffterLeavens06,
 author = {M\"{u}ller, P. and Poetzsch-Heffter, A. and Leavens, G. T.},
 title = {Modular Invariants for Layered Object Structures},
 journal = {Science of Computer Programming},
 year = {2006},
 volume = {62},
 pages = {253--286}
}

@inproceedings{sliceProvenance,
 author = {Roly Perera and Umut Acar and James Cheney and Paul Blain Levy},
 title = {Functional programs that explain their work},
 booktitle = {ICFP},
 year = {2012},
 publisher = {ACM}
}
 
 @misc{boogie2,
title		= {{This is Boogie 2}},
author= {K. Rustan M. Leino},
year		= {2008} }

@INPROCEEDINGS{sipOfChalice,
title		= {{A Sip of the Chalice}},
booktitle = {FTFJP},
author		= {Azalea Raad and Sophia Drossopoulou},
month		= {July},
year		= {2011}}

@INPROCEEDINGS{trust,
title		= {{Trust the Clones}},
booktitle = {IWACO},
author		= {Dave Clarke and Sophia Drossopoulou and James Noble},
month		= {July},
year		= {2011}}

@INPROCEEDINGS{hybrid,
title		= {{Hybrid Typechecking}},
author		= {Cormac Flanagan},
booktitle = {POPL},
year		= {2006}}

@INPROCEEDINGS{grace,
title		= {{Grace: the Absence of (Inessential) Difficulty}},
author		= {Andrew Black and Kim Bruce and Michael Homer and James Noble},
booktitle = {Onwards},
year		= {2012}}



@INPROCEEDINGS{chalice,
title		= {{Verification of concurrent programs with Chalice}},
author		= {K Rustan M Leino and Peter M{\"{u}}ller},
booktitle = {ESOP},
year		= {2009}}


@INPROCEEDINGS{rolesForOwners,
booktitle	= {IWACO 2011},
title		= {{Roles for Owners - Work in Progress}},
series		= {ACM DL},
author		= {Sophia Drossopoulou and David Clarke and James Noble},
month		= {July},
year		= {2011}}


@InProceedings{LuPotPOPL06,
  author =   {Y. Lu and J. Potter},
  title =    {{P}rotecting {R}epresentation with {E}ffect
                  {E}ncapsulation.},
  booktitle =    {POPL},
  year =     {2006},
  pages =    {359-371}
}

@InProceedings{LuPotECOOP05,
  author =   {Yi Lu and John Potter},
  title =    {A {T}ype {S}ystem for {R}eachability and
                  {A}cyclicity},
  booktitle =    {ECOOP},
  year =     {2005},
  pages =    {479-503}
}

@InProceedings{LuPotECOOP06,
  author =   {Yi Lu and John Potter},
  title =    {{O}n {O}wnership and {A}ccessibility},
  booktitle =    {ECOOP},
  pages =    {99-123},
  year =     {2006}
}

@InProceedings{considerate,
  author =   {Alexander J. Summers and Sophia Drossopoulou},
  title =    {{Considerate Reasoning and the Composite Pattern}},
  booktitle = {VMCAI},
  year = {2010}
}

@InProceedings{LuPotECOOP07,
  author =   {Y. Lu and J. Potter and J. Xue},
  title =    {{O}bject {I}nvariants and {E}ffects},
  booktitle = {ECOOP},
  year = {2007},
  editor =  {},
  series =   LNCS,
  publisher =    {Springer},
  volume = {4609},
  pages = {202--226}
}


@TechReport{PotNobClaBidOOPSLA06,
  author =       {Alex Potanin and James Noble and Dave Clarke and
                  Robert Biddle},
  title =        {{G}eneric {O}wnership for {G}eneric {J}ava},
  institution =  {University of Wellington, Victoria},
  year =         2006,
  number =       {CS-TR-03-16}
}

@InProceedings{VitECOOP06,
  author =   {Chris Andreae and Yvonne Coady and Celina Gibbs and
                  James Noble and Jan Vitek and Tian Zhao},
  title =    {{S}coped {T}ypes and {A}spects for {R}eal-{T}ime
                  {J}ava},
  booktitle =    {ECOOP},
  pages =    {124-147},
  year =     {2006}
}


@InProceedings{dpj,
  author =   {R. Bocchino and S. Heumann and N. Honarmand and S. Adve and V. Adve and A. Welc and T. Shpeisman},
  title =    {{Safe Nondeterminism in a Deterministic-by-Default Parallel Language}},
  booktitle =    {POPL},
  year =     {2011}
}


@InProceedings{MitECOOP06,
  author =   {Nick Mitchell},
  title =    {{T}he {R}untime {Structure} of {O}bject {O}wnership},
  booktitle =    {ECOOP},
  pages =    {74-98},
  year =     {2006}
}

@inproceedings{dd,
  author    = {Dominique Devriese and
               Lars Birkedal and
               Frank Piessens},
  title     = {Reasoning about Object Capabilities with Logical Relations and Effect
               Parametricity},
  booktitle = {{IEEE} EuroS{\&}P},
  pages     = {147--162},
  year      = {2016},
  doi       = {10.1109/EuroSP.2016.22}
}
% HACK
  % European Symposium on Security and Privacy, EuroS{\&}P
%               2016, Saarbr{\"{u}}cken, Germany, March 21-24, 2016},

 


@inproceedings{hypervisor,
 author = {Dirk Leinenbach  and Thomas Santen},
 title ={ {Verifying the Microsoft Hyper-V Hypervisor with VCC}},
 booktitle = {Formal Methods},
 year = {2009},
  publisher = {Springer}
}

@inproceedings{BoyLisShrPOPL03,
 author = {Chandrasekhar Boyapati and Barbara Liskov and Liuba Shrira},
 title = {Ownership types for object encapsulation},
 booktitle = {POPL '03: Proceedings of the 30th ACM SIGPLAN-SIGACT symposium on Principles of programming languages},
 year = {2003},
 isbn = {1-58113-628-5},
 pages = {213--223},
 location = {New Orleans, Louisiana, USA},
 doi = {http://doi.acm.org/10.1145/604131.604156},
 publisher = {ACM Press},
 address = {New York, NY, USA},
 }


@misc{membranes,
    author = {Yves Jaradin and Fred Piessens and Peter Van Roy},
    title = {Capability Confinement by Membranes},
    year = {2005},
    note={{TR} {Universit{\'e} Catholique De Louvain}}
}

@TECHREPORT{server,
    author = {M. Zlewski},
    title = {{Browser Security Handbook}},
    institution = {Google Inc.},
    year = {2008},
    note={{code.google.com/p/browsersec/wiki/Part2}}
}


@book{GosJoySteBra00,
    author = "James Gosling and Bill Joy and Guy Steele and Gilad Bracha",
    title = "The {Java} Language Specification Second Edition",
    publisher = "Addison-Wesley",
    address = "Boston, Mass.",
    isbn = "0-201-31008-2",
    year = "2000",
    url = "citeseer.ist.psu.edu/gosling00java.html" }

@book{modula2,
    author = {Niklaus Wirth},
    title = "Programming in Modula-2",
    publisher = "Springer",
    year = "1982"}
    
 @book{cpp,
    author = {Bjarne Stroustrup},
    title = "The C++ Programming Language",
    publisher = "Addison Wesley",
    year = "1986"}

@article{refinementForSecure,
 author = {Jesper Bengtson and Kathiekeyan Bhargavan and Cedric Fournet and Andrew Gordon and S.Maffeis},
 title = {{Refinement Types for Secure Implementations}},
 journal = {ACM ToPLAS},
 year = {2011}
  }


   
@article{IgaPieWadTOPLAS01,
 author = {Atsushi Igarashi and Benjamin C. Pierce and Philip Wadler},
 title = {Featherweight {Java:} a minimal core calculus for Java and GJ},
 journal = {ACM ToPLAS},
 volume = {23},
 number = {3},
 year = {2001},
 issn = {0164-0925},
 pages = {396--450},
 doi = {http://doi.acm.org/10.1145/503502.503505},
 address = {New York, NY, USA},
 }

@inproceedings{FlaQadTLDI03,
 author = {Cormac Flanagan and Shaz Qadeer},
 title = {Types for atomicity},
 booktitle = {TLDI},
 year = {2003},
 isbn = {1-58113-649-8},
 pages = {1--12},
 location = {New Orleans, Louisiana, USA},
 doi = {http://doi.acm.org/10.1145/604174.604176},
 publisher = {ACM Press},
 address = {New York, NY, USA},
 }

@inproceedings{BerHonYos05,
 author = {Martin Berger and Kohei Honda and Nobuko Yoshida},
 title = {A logical analysis of aliasing in imperative higher-order functions},
 booktitle = {ICFP},
 year = {2005},
 isbn = {1-59593-064-7},
 pages = {280--293},
 location = {Tallinn, Estonia},
 doi = {http://doi.acm.org/10.1145/1086365.1086401},
 publisher = {ACM Press},
 address = {New York, NY, USA},
 }

@inproceedings{Zdancewic:Myers:01,
 author = {Steve Zdancewic  and Andrew C. Myers},
 title = {Secure Information Flow and CPS},
 booktitle = {Proceedings of the 10th European Symposium on Programming Languages and Systems},
 series = {ESOP '01},
 year = {2001},
 isbn = {3-540-41862-8},
 pages = {46--61},
 numpages = {16},
 url = {http://dl.acm.org/citation.cfm?id=645395.651931},
 acmid = {651931},
 publisher = {Springer},
 address = {London, UK, UK},
}

@inproceedings{BAN,
 author = {Michael Burrows and Martin Abadi and Roger Needham},
 title = {{A Logic of Authentication}},
 booktitle = {Twelfth Symposium on Operating System Principles},
 year = {1989}
}

@article{Denning76,
 author = {Denning, Dorothy E.},
 title = {A lattice model of secure information flow},
 journal = {Commun. ACM},
 issue_date = {May 1976},
 volume = {19},
 number = {5},
 month = may,
 year = {1976},
 issn = {0001-0782},
 pages = {236--243},
 numpages = {8},
 url = {http://doi.acm.org/10.1145/360051.360056},
 doi = {10.1145/360051.360056},
 acmid = {360056},
 publisher = {ACM},
 address = {New York, NY, USA},
 keywords = {information flow, lattice, program certification, protection, security, security class},
}


@inproceedings{typeEffect,
 author    = {J. P. Talpin and P. Jouvelot},
 title     = {The {T}ype and {E}ffect  {D}iscipline},
 booktitle = {LICS},
 year      = {1992},
  pages     = {162--173},
  publisher = {IEEE Computer Society}
}


@inproceedings{Smith06,
 author    = {Matthew Smith},
 title     = {{T}owards an {E}ffects {S}ystem for {O}wnership {D}omains},
 booktitle = {FTfJP 2006},
 year      = {2006},
 url       = {http://slurp.doc.ic.ac.uk/pubs.html}
}


@InProceedings{NobPotVitECOOP98,
  author =       "James Noble and John Potter and Jan Vitek",
  title =        "Flexible Alias Protection",
  booktitle =    "ECOOP",
  month =        Jul,
  year =         1998,
}

@inproceedings{SmiDroIWACO03,
 author    = {Matthew Smith and Sophia Drossopoulou},
 title     = {Cheaper {R}easoning with {O}wnership {T}ypes},
 booktitle = {IWACO},
 year      = {2003},
 url       = {http://www.cs.uu.nl/~dave/iwaco/}
}


@inproceedings{atomic,
 author = {C. Flanagan and S. Qadeer},
 title     = {A {T}ype and {E}ffect  {S}ystem for {A}tomicity},
 year      = {2003},
 booktitle = {PLDI},
 pages = {338--349},
 publisher = {ACM Press}
}

@inproceedings{capsForSharing,
 author = {John Boyland and James Noble and William Retert},
 title     = {{C}apabilities for {S}haring},
 year      = {2001},
 booktitle = {ECOOP},
 publisher = {Springer}
}

@inproceedings{ParBiePOPL05,
 author = {M. Parkinson and G. Bierman},
 title = {Separation logic and abstraction},
 booktitle = {POPL},
 year = {2005},
 pages = {247--258},
 publisher = {ACM Press}
}

@inproceedings{jStar,
 author = {Dino DiStefano and Matthew J. Parkinson},
 title = {j{S}tar: {T}owards practical verification for {J}ava},
 booktitle = {OOPSLA},
 year = {2008},
 publisher = {ACM Press}
}


@inproceedings{ParBiePOPL08,
 author = {M. Parkinson and G. Bierman},
 title = {Separation Logic, Abstraction and Inheritance},
 booktitle = {POPL},
 year = {2008},
 publisher = {ACM Press},
 pages = {75--86}
}


@inproceedings{ChinPOPL08,
 author = {W.-N. Chin and C. David and H. H. Nguyen and S. Qin},
 title = {Enhancing Modular {OO} Verification with Separation Logic},
 booktitle = {POPL},
 year = {2008},
 pages = {87--99},
 publisher = {ACM Press}
}

@inproceedings{Parkinson07,
 author = {Matthew Parkinson},
 title = {Class Invariants: the end of the Road?},
 booktitle = {IWACO},
 year = {2007}
}

@inproceedings{ BoyLeeRinOOPSLA02,
  author = "C. Boyapati and R. Lee and M. Rinard",
  title = "Ownership types for safe programming: Preventing data races and deadlocks",
  booktitle = "OOPSLA",
  month = nov,
  year = "2002",
  url = "citeseer.ist.psu.edu/boyapati02ownership.html" }

@inproceedings{DieMueFTJP04,
 author = {Dietl, W. and M\"{u}ller, P.},
 title = {Exceptions in Ownership Type Systems},
 booktitle = {Formal Techniques for {J}ava-like Programs},
 year = {2004},
 editor = {E. Poll},
 pages = {49--54}
}

@inproceedings{BarLeiSch05,
  author = "M. Barnett and K. R. M. Leino and W. Schulte",
  title = "The {S}pec\# Programming System: An Overview",
  booktitle = {CASSIS},
 year = {2005},
 pages = {49--69},
 series = LNCS,
 publisher = {Springer}
}


@article{BarDelFahLeiSch04,
 author = "M. Barnett and R. DeLine and M. F{\"a}hndrich and K. R. M. Leino and
    W. Schulte",
  title = "Verification of object-oriented programs with invariants",
 journal = {JOT},
 year = {2004},
 volume = {3},
 number = {6},
 pages = {27--56}
}

@InProceedings{BarnettNaumann04,
  author =       {Barnett, M. and Naumann, D.},
  title =        {Friends Need a Bit More: Maintaining
  Invariants Over Shared State},
  booktitle =    {MPC},
   year =         2004,
  series =       LNCS
}

@inproceedings{LeinoMueller04,
 author = {Leino, K. R. M. and M\"uller, P.},
 title = {Object Invariants in Dynamic Contexts},
 booktitle = {ECOOP},
 year = {2004},
 editor = {},
 series = LNCS,
 volume = {3086},
 publisher = {Springer},
 pages = {491--516},
}


@inproceedings{FinFel01,
 author = {Robert Bruce Findler and Matthias Felleisen},
 title = {Contract Soundness for object-oriented languages},
 booktitle = {Object-oriented programming, systems, languages, and applications (OOPSLA)},
 year = {2001},
 isbn = {1-58113-335-9},
 pages = {1--15},
 location = {Tampa Bay, FL, USA},
 doi = {http://doi.acm.org/10.1145/504282.504283},
 publisher = {ACM Press}
 }

@book{Mey88,
 author = {B. Meyer},
 title = {Object-Oriented Software Construction},
 year = {1988},
 publisher = {Prentice-Hall}
 }

@book{Meyer92,
AUTHOR          = { Meyer, B. },
TITLE           = { Eiffel: The Language },
PUBLISHER       = { Prentice Hall },
YEAR            = 1992
}


@book{Meyer97,
  AUTHOR       = { Meyer, B. },
  TITLE        = { Object-Oriented Software Construction, Second Edition},
  PUBLISHER    = { Prentice Hall },
  edition =      { Second },
  YEAR         = 1997
}


@Unpublished{DieDroMue07,
  author =   {Dietl, W. and Drossopoulou S. and M\"uller, P. },
  title =    {Generic Universe Types},
  note =     {{FOOL/WOOD'07}},
  OPTkey =   {},
  month =    {Jan},
  year =     {2007},
  OPTannote =    {}
}

@article{DieDroMue11,
  author =   {Werner Dietl and Sophia Drossopoulou and Peter M\"uller },
  title =    {Generic Universe Types, Separating Topology from Encapsulation},
  journal =     {{ToPLaS}},
  year =     {2011}
}

@inproceedings{LeavensMueller07,
 author = {G. T. Leavens and P. M{\"u}ller},
 title = {Information Hiding and Visibility in Interface Specifications},
 year = {2007},
 booktitle = {ICSE},
 pages = {385--395},
 publisher = {IEEE}
}


@inproceedings{LeinoMueller06,
 author = {Leino, K. R. M. and M\"uller, P.},
 title = {A verification methodology for model fields},
 booktitle = {ESOR},
 editor = { },
 volume = {3924},
 pages = {115--130},
 year = {2006},
 series = LNCS,
 publisher = {Springer },
}

@article{MidHuiKuiLui2006,
    author = "R. Middelkoop and C. Huizing and R. Kuiper and E. J. Luit",
    title = "Invariants for Non-Hierarchical Object Structures",
  journal   = {Electr. Notes Theor. Comput. Sci.},
  volume    = {195},
  year      = {2008},
  pages     = {211--229}
}






@TechReport{Jones91,
  author =       {Jones, K. D.},
  title =        {{LM3}: A {L}arch Interface Language
  for {M}odula-3: A \sds{Definition} and Introduction},
  institution =  "Digital Equipment Corporation, Systems Research Center",
  year =         1991,
  number =       72
}



@inproceedings{HaehnleMostowski05,
 author = {R. H{\"a}hnle  and W. Mostowski},
 title = {Verification of Safety Properties in the Presence of Transactions},
 booktitle = {CASSIS},
 editor = {},
 volume = {3362},
 pages = {151--171},
 year = {2005},
 series = LNCS,
 publisher = {}
}

@Article{Hoare72,
  author =       {Hoare, C. A. R.},
  title =        "Proofs of Correctness of Data Representation",
  journal =      "Acta Informatica",
  year =         1972,
  volume =       1,
  pages =        "271--281"
}

@Article{Hoare69,
  author = {Hoare, C. A. R.},
  title =   "An Axiomatic Basis for Computer Programming",
  journal =      "Comm. ACM",
  year =         1969,
  volume =       12,
  pages =        "576--580"
}

@Article{Hoare74,
  Author =   "C. A. R. Hoare",
  Title =    "Monitors: an operating system structuring concept",
  Journal =  "Commun. ACM",
  Year =     1974,
  Volume =   17,
  Number =   10,
  Pages =    "549--557"
}

@article{liskov94behavioral,
   author = {B. Liskov and J. Wing},
   title = {A Behavioral Notion of Subtyping},
   journal = {ACM ToPLAS},
   volume = {16},
   number = {6},
   pages = {1811--1841},
   year = {1994}
}

@Book{LiskovGuttag86,
  Author="Liskov, B. and Guttag, J.",
  Title="Abstraction and Specification in Program Development",
  Year=1986,
  Publisher={MIT Press}
}



@PhdThesis{Boyapati04,
  author =       {Boyapati, C.},
  title =        {{SafeJava:} A Unified Type System for Safe Programming},
  school =       {MIT},
  year =         2004,
  url =         "pmg.lcs.mit.edu/~chandra/publications/"
}

@InProceedings{LeinoSchulte07,
  author =       {Leino, K. R. M. and Schulte, W.},
  title =        {Using history invariants to verify observers},
  booktitle =    { ESOP },
  year =         2007,
  publisher = {Springer},
  series    = LNCS,
  editor =   { },
  volume =   4421,
  pages =    {316--330}
}

@inproceedings{Reynolds02,
author = "Reynolds, J. C.",
title = "Separation Logic: A Logic for Shared Mutable Data Structures",
booktitle = " LICS ",
publisher = "IEEE Computer Society",
year = 2002,
pages = "55--74"
}

@inproceedings{IshtiaqOHearn01,
 author = {S. S. Ishtiaq and P. W. O'Hearn},
 title = {{BI} as an assertion language for mutable data structures},
 booktitle = { POPL },
 year = {2001},
 pages = {14--26},
 publisher = {ACM Press}
 }

@inproceedings{OHearnYangReynolds04,
 author = {P. W. O'Hearn and H. Yang and J. C. Reynolds},
 title = {Separation and information hiding},
 booktitle = { POPL },
 year = {2004},
 pages = {268--280},
 publisher = {ACM Press}
 }

@InProceedings{DietlDrossopoulouMueller07a,
   author =      {W. Dietl and S. Drossopoulou and P. M{\"u}ller},
   title =       {{G}eneric {U}niverse {T}ypes},
  booktitle =    { ECOOP },
  year =     {2007},
  editor =   { },
  series =   LNCS,
  publisher =    {Springer },
  url =          {http://www.springerlink.com},
  urltext =      {Springer-Online},
  volume = {4609},
  pages = {28--53}
}


@PHDTHESIS{Leino95a,
AUTHOR = {Leino, K. R. M.},
TITLE = {Toward Reliable Modular Programs},
SCHOOL = {California Institute of Technology},
YEAR = 1995
}



@Book{GoslingEA05,
  author =       {Gosling, J. and Joy, B. and Steele, G. and Bracha, G.},
  title =        {The {J}ava Language Specification (3rd Edition)},
  publisher =    {Addison-Wesley},
  year =         2005
}

@inproceedings{FaehndrichXia07,
 author = {M. F\"ahndrich and S. Xia},
 title = {Establishing Object Invariants with Delayed Types},
 booktitle = { OOPSLA },
 year = {2007},
 pages = {337--350},
 publisher = {ACM Press}
}

@INPROCEEDINGS{JacobsEA05,
  AUTHOR =       {B. Jacobs and K. R. M. Leino and F. Piessens and W. Schulte},
  TITLE =        {Safe Concurrency for Aggregate Objects with Invariants},
  BOOKTITLE =    {Software Engineering and Formal Methods (SEFM)},
  year =         {2005},
  publisher =    {IEEE Computer Society},
  pages =        {137--146}
}

@book{Mueller02,
 author = {M{\"u}ller, P.},
 title = {Modular Specification and Verification of Object-Oriented Programs},
 publisher = {Springer},
 series = LNCS,
 volume = {2262},
 year = {2002}
}

% Saltzer, Jerome H. (1974). "". Communications of the ACM 17 (7): 389.

%thank you Wikipedia - http://en.wikipedia.org/wiki/Principle_of_least_privilege

@Article{pola,
  author = 	 {Jerome H. Saltzer},
  title = 	 {Protection and the control of information sharing in {M}ultics},
  journal = 	 {{CACM}},
  year = 	 1974,
  volume = 	 17,
  number = 	 7,
  pages = 	 {p.389ff}}



@InProceedings{needham,
  author = 	 {Roger Needham},
  title = 	 {Protection systems and protection implementations},
  booktitle = {Joint Computer Conference},
  pages = 	 {571-578},
  year = 	 1972}

@InProceedings{aliasICSE2013,
  author = 	 {Alex Potanin and Monique Damitio and James Noble},
  title = 	 {Are Your Incoming Aliases Really Necessary? {C}ounting the Cost of Object Ownership},
  booktitle = {{ICSE}},
  year = 	 2013}

@InProceedings{proxiesECOOP2013,
  author = 	 {Tom Van Cutsem and Mark S. Miller},
  title = 	 {Trustworthy Proxies: {V}irtualizing Objects with Invariants},
  booktitle = {{ECOOP}},
  year = 	 2013}

@InProceedings{jsand2012,
  author = 	 {Pieter Agten and Steven Van Acker and Yoran Brondsema and Phu H. Phung and Lieven Desmet and Frank Piessens},
  title = 	 {{JSand:} Complete Client-Side Sandboxing of Third-Party {JavaScript} without Browser Modifications},
  booktitle = {{ACSAC}},
  year = 	 2012}

@InProceedings{capeFTfJP,
  author = 	 {Sophia Drossopoulou and James Noble},
  title = 	 {The Need for Capability Policies},
  booktitle = {{(FTfJP)}},
  year = 	 2013}
  
  @InProceedings{iFM2014,
  author = 	 {Sophia Drossopoulou and James Noble},
  title = 	{{How to Break the Bank: Semantics of Capability Policies}},
  booktitle = {{International Conference on Integrated Formal Methods}},
  year = 	 2014}

 @InProceedings{FTfJP14,
  author = 	 {James Noble and Sophia Drossopoulou},
  title = 	 {A Rational reconstruction of the Escrow Example},
  booktitle = {{(FTfJP)}},
  year = 	 2014}
  
  @InProceedings{permissionAuthority,
  author = 	 {Sophia Drossopoulou and James Noble and Mark Miller and Toby Murray},
  title = 	 {Permission and Authority revisited -- towards a formalization},
  booktitle = {{(FTfJP)}},
  year = 	 2016}

 @InProceedings{swapsies,
  author = 	 {Sophia Drossopoulou and James Noble and Mark Miller},
  title = 	 {Swapsies on the Internet:  First Steps towards Reasoning about Risk and Trust in an Open World},
  booktitle = {{(PLAS)}},
  year = 	 2015}
  
 @InProceedings{attenuation,
  author = 	 {Shu-Peng Loh and Sophia Drossopoulou},
  title = 	 {Specifying Attenuation},
  booktitle = {{(OCAP)}},
  year = 	 2017}
 
  
@InProceedings{DefJS,
  author = 	 {Karthikeyan Bhargavan and Antoine Delignat-Lavaud
                  and Sergio Maffeis},
  title = 	 {Language-based Defenses against Untrusted Browser Origins},
  booktitle = {{USENIX} Security},
  year = 	 2013}


@InProceedings{FeaturesVSOCs,
  author = 	 {Salman Saghafi and Kathi Fisler and Shriram Krishnamurthi},
  title = 	 {Features and Object Capabilities: Reconciling Two Visions of Modularity},
  booktitle = {{AOSD}},
  year = 	 2012}

@InProceedings{badbeans,
   author =   {D. Clarke and M. Richmond and J. {{Noble}}},
   title =    {Saving the World from Bad Beans},
    booktitle = {OOPSLA},
   year =     2003
}


@InProceedings{jeeves2012,
  author = 	 {Jean Yang and Kuat Yessenov and Armando Solar-Lezama},
  title = 	 {A Language for Automatically Enforcing Privacy Policies},
  booktitle = {{POPL}},
  year = 	 2012}


@article{sabelfeld-inlining2012,
  author    = {Jonas Magazinius and
               Alejandro Russo and
               Andrei Sabelfeld},
  title     = {On-the-fly inlining of dynamic security monitors},
  journal   = {Computers {\&} Security},
  volume    = {31},
  number    = {7},
  year      = {2012},
  pages     = {827-843}
}


@InProceedings{miller-esop2013,
  author = 	 {Mark S. Miller and Tom Van Cutsem and Bill Tulloh},
  title = 	 {Distributed Electronic Rights in {JavaScript}},
  booktitle = {{ESOP}},
  year = 	 2013}


@InProceedings{flowcaps11,
  author = 	 {Arnar Birgisson and Alejandro Russo and Andrei Sabelfeld},
  title = 	 {Capabilities for information flow},
  booktitle = {Programming Languages and Analysis for Security (PLAS)},
  year = 	 2011}
  
 @article{infoflow,
  author = 	 {Andrei Sabelfeld and Andrew C. Myers},
  title = 	 {Language-Based Information-Flow Security.},
   journal = {IEEE Journal on Selected Areas in Communications},
  year = 	 20011}

@Misc{PolicyAsTypes,
  author = 	 {Meredith, L.G. and Mike Stay and Sophia Drossopoulou},
  title = 	 {Policy as Types},
  howpublished = {{arXiv:1307.7766 [cs.CR]}},
  month = 	 jul,
  year = 	 2013}


@INPROCEEDINGS{ADsafety,
author = {Joe Gibbs Politz and Spiridon Aristides Eliopoulos and Arjun Guha and Shriram Krishnamurthi},
title = {{ADsafety}: Type-Based Verification of {JavaScript} Sandboxing},
booktitle = {USENIX Security},
year = {2011},
}

@INPROCEEDINGS{Lerner2013b,
  author = {Benjamin S. Lerner and Liam Elberty and Neal Poole
            and Shriram Krishnamurthi},
  title = {Verifying Web Browser Extensions' Compliance with
           Private-Browsing Mode},
  booktitle = {European Symposium on Research in
               Computer Security (ESORICS)},
  year = {2013},
  month = sep
}


@inproceedings{Gardner12,
  author    = {Philippa Gardner and
               Sergio Maffeis and
               Gareth David Smith},
  title     = {Towards a program logic for {JavaScript}},
  booktitle = {POPL},
  year      = {2012}
}


@PhdThesis{XiongPhd,
  author = 	 {Xiong, Wei},
  title = 	 {Verification and Validation of JavaScript},
  school = 	 2013,
  year = 	 {Durham University}}


@inproceedings{Qin11,
  author    = {Shengchao Qin and
               Aziem Chawdhary and
               Wei Xiong and
               Malcolm Munro and
               Zongyan Qiu and
               Huibiao Zhu},
  title     = {Towards an Axiomatic Verification System for {JavaScript}},
  booktitle = {TASE},
  year      = {2011},
  pages     = {133-141}
}


@InProceedings{Quark,
  author = 	 {Dongseok Jang and Zachary Tatlock and Sorin Lerner},
  title = 	 {Establishing Browser Security Guarantees through Formal Shim Verification},
  booktitle = {{USENIX} Security},
  year = 	 2012}


@inproceedings{JSDijkstraMonad,
  author    = {Nikhil Swamy and
               Joel Weinberger and
               Cole Schlesinger and
               Juan Chen and
               Benjamin Livshits},
  title     = {Verifying higher-order programs with the Dijkstra monad},
  booktitle = {PLDI},
  year      = 2013,
  pages     = {387-398}
}

@inproceedings{DPCC14,
  author = 	 {Christos Dimoulas and Scott Moore and Aslan Askarov and Stephen Chong},
  title = 	 {Declarative Policies for Capability Control},
  year = 2014,
  booktitle = {Computer Security Foundations Symposium {(CSF)}}
}


@inproceedings{FlacJS,
  author    = {Gregor Richards and
               Christian Hammer and
               Francesco Zappa Nardelli and
               Suresh Jagannathan and
               Jan Vitek},
  title     = {Flexible access control for {JavaScript}},
  booktitle = {OOPSLA},
  year      = {2013},
  pages     = {305-322}
}



%%%%%%%%%%%%%%%%%%%% NEW ONES  %%%%%%%%%%%%%%%%%%%%%%%%%%%%%%

@inproceedings{immut,
  author    = {A. Birka and M.D. Ernst},
  title     = {A practical type system and language for reference immutability},
  booktitle = {OOPSLA},
  year      = {2004}
}
 

@misc{escrow:Solidity,
  AUTHOR        = {James Sangalli},
  TITLE     = {Escrow contract in Solidity} ,
  url = {https://github.com/James-Sangalli/Solidity/blob/master/contracts/misc/escrow.sol},
   year = 2017
}

@misc{etherium:Purse,
  AUTHOR        = {{Solidity team}},
  TITLE     = {Introduction to Smart Contracts} ,
   url	= {http://solidity.readthedocs.io/en/develop/introduction-to-smart-contracts.html},
   year = 2017
}

@misc{contracts:as:escrow:Solidity,
  AUTHOR        = {{Solidity team}},
  TITLE     = {Two party contracts - Contracts as Escrow} ,
  url	= {https://dappsforbeginners.wordpress.com/tutorials/two-party-contracts/},
   year = 2017
}

@misc{cwe,
  AUTHOR        = {{Mitre Organisation}},
  TITLE     = {{CWE-830: Inclusion of Web Functionality from an Untrusted Source}} ,
   url	= {https://cwe.mitre.org/data/definitions/830.html},
   year = {2019},
}

@misc{consbreeched,
  AUTHOR        = {{Mattha Busby andJim Waterson and Michael Savage}},
  TITLE     = {{Major security flaw in Tory conference app reveals users' data}} ,
   url	= {https://www.theguardian.com/politics/2018/sep/29/tory-conference-app-flaw-reveals-private-data-of-senior-mps},
   day = {29},
   month = {Sept},
   year = {2018},
}
 
@Book{PandP,
  author = 	 {Jane Austen},
  title = 	 {Pride and Prejudice},
  publisher = 	 {T.\ Egerton, Whitehall},
  year = 	 1813}

	  

@Book{gof,
  author = 	 "Erich Gamma and Richard Helm and Ralph E. Johnson
		  and John Vlissides",
  title = 	 "Design Patterns",
  subtitle = "Elements of Reusable Object-Oriented Software",
  xpublisher = 	 "Addison-Wesley",
  year = 	 "1994"
}

 @inproceedings{ghost,
  author    = {Patrice Chalin and
               Joseph R. Kiniry and
               Gary T. Leavens and
               Erik Poll},
  title     = {Beyond Assertions: Advanced Specification and Verification with {JML}
               and ESC/Java2},
  booktitle = {Formal Methods for Components and Objects, 4th International Symposium,
               {FMCO} 2005, Amsterdam, The Netherlands, November 1-4, 2005, Revised
               Lectures},
  pages     = {342--363},
  year      = {2005},
  url       = {https://doi.org/10.1007/11804192\_16},
  doi       = {10.1007/11804192\_16},
}		
