@string{LNCS = {LNCS}}
@string{ECOOP = {ECOOP}}
@string{OOPSLA = {OOPSLA}}
@string{ICSE = {ICSE}}
@string{FTFJP = {FTfJP}}
@string{FSE = {FSE}}
@string{POPL = {POPL}}

@string{xECOOP = {European Conference on Object-Oriented Programming {(ECOOP)}}}
@string{xOOPSLA = {{ACM} Conference on Object-Oriented Programming, Systems, Languages, and Applications {(OOPSLA)}}}
@string{xICSE = {{ACM/IEEE} International Conference on Software Engineering {(ICSE)}}}


@inproceedings{AOP,
  title = {{A}spect-{O}riented {P}rogramming},
  author = "G. Kiczales and J. Lamping and A. Mehdhekar and C. Maeda and C. V. Lopes and J. Loingtier and J. Irwin",
  year = "1997",
  booktitle = ECOOP,
  xseries = "LNCS"}


@INPROCEEDINGS{Pony,
    author = {Sylvan Clebsch and {Sophia Drossopoulou} and
                  Sebastian Blessing  and Andy McNeil},
 AUTHOR+an = {2=grant},
    title = {Deny capabilities for safe, fast, actors},
    booktitle = {Agere},
    year = {2015},
    xpublisher = {ACM}
}

@INPROCEEDINGS{Viper,
    author = {Peter M{\"{u}}ller and Malte Schwerhoff and Alexander J. Summers },
    title = {Viper: A Verification Infrastructure for Permission-Based Reasoning},
    booktitle = {CAV},
    year = {2016},
    xpublisher = {LNCS}
} 

@INPROCEEDINGS{DenyGuarantee,
    author = {Mike Dodds and Xinyu Feng and Matthew Parkinson and Viktor Vafeiadis},
    title = {Deny-guarantee reasoning},
    booktitle = {ESOP},
    year = {2009},
    xpublisher = {Springer}}

@inproceedings{XXXsecureJS,
title = {{Automated Analysis of Security-Critical {JavaScript} APIs}},
author  = {Ankur Taly and Ulfar Erlingsson and John C. Mitchell and Mark S. Miller and Jasvir Nagra},
year  = 2011,
booktitle = {IEEE Symposium on Security and Privacy (SP)}
}

@InProceedings{polymer,
  author = "Lujo Bauer and Jay Ligatti and David Walker",
  title = "Composing Security Policies with {Polymer}",
  booktitle = "PLDI",
  year = 2005}

@InProceedings{ODs,
title = "Ownership Domains: Separating Aliasing Policy from Mechanism",
author = "Jonathan Aldrich and Craig Chambers",
year = "2004",
booktitle = ECOOP,
xseries = "Springer"}

@InProceedings{KeyKOS,
title = {KeyKOS - A Secure, High-Performance Environment for S\/370},
author = "Bill Frantz",
year = "1998",
booktitle = "SHARE 52 I "}

@InProceedings{XXXadsafe,
title = {{An Analysis of the Mozilla Jetpack Extension FrameworK}},
Author = "Rezwana Karim and Mohan Dhawan and Vinod Ganapathy and Chung-Chieh Shan",
year = "2012",
booktitle = ECOOP,
xseries = "Springer"}

@InProceedings{objInvars,
title = "Object Invariants in Dynamic Contexts",
author = "K. Rustan M. Leino and Peter M{\"{u}}ller",
year = "2004",
booktitle = ECOOP,
xseries = "Springer"}

@InProceedings{WuLam,
title = "A semantic model for authentication Protocols",
author = "T. Wood and S. Lam",
year = "1993",
booktitle = "IEEE Computer Society Symposium on Research in Security and Privacy"}

@InProceedings{Maffeis:aiamb:thesis00,
 author =       {C{\'e}dric Fournet and Andrew D. Gordon and Sergio Maffeis},
  title =        {{A Type Discipline for Authorization in Distributed Systems}},
  booktitle = {CSF},
  year =         {2007},
xseries = "Springer"}

@InProceedings{howInheritance,
 author =       {Ewan Tempero and {James Noble} and Heyden
                  Melton},
 AUTHOR+an = {2=grant},
  title =        {{How do {J}ava Programmers use Inheritance?}},
  booktitle = ECOOP,
  year =         {2008}}

@InProceedings{dddX,
 author =       {David Swasey and Deepak Garg and Derek Dreyer},
  title =        {{Robust and Compositional Verification of Object Capability Patterns}},
  booktitle = OOPSLA,
  year =         {2017}}
  
@InProceedings{mao,
 author =       {Curtis Clifton and  Gary Leavens and {James
                  Noble}},
 AUTHOR+an = {3=grant},
  title =        {{Ownership and Effects for More Effective Reasoning About Aspects}},
  booktitle = ECOOP,
  year =         {2007}}

@InProceedings{RelAspects,
 author =       {David J. Pierce and {James Noble}},
 AUTHOR+an = {2=grant},
  title =        {{Relationship Aspects}},
  booktitle = {AOSD},
  year =         {2006}}

@InProceedings{multiple,
 author =       {Nicholas Cameron and {Sophia Drossopoulou} and
                  {James Noble} and Matthew Smith},
 AUTHOR+an = {2=grant; 3=grant},
  title =        {Multiple {O}wnership},
  booktitle = OOPSLA,
  year =         {2007},
xseries = "ACM"}

@InProceedings{tribe,
 author =       {David Clarke and {Sophia Drossopoulou} and
                  {James Noble} and Tobias Wrigstad},
 AUTHOR+an = {2=grant; 3=grant},
  title =        {{Tribe: More Types for Virtual Classes}},
  booktitle = {AOSD},
  year =         {2008},
xseries = "ACM"}


@InProceedings{existVar,
 author =       {Nicholas Cameron and {Sophia Drossopoulou}},
 AUTHOR+an = {2=grant},
  title =        {Existential {Q}quantification for {V}ariant  {O}ownership},
  booktitle = {ESOP},
  year =         {2009}
  }




@inproceedings{JoeE,
  title = {{Joe-E a Security-Oriented Subset of {J}ava}},
  author = "Adrian Mettler and David Wagner and Tyler Close",
  year = "2010",
  booktitle = "NDSS"
  }
  
 
@inproceedings{essence,
  title = "The {E}ssence of {J}ava{S}cript",
  author = "Arjun Guha and Claudiu Saftoiu and Shriram Krishnamurthi",
  year = "2010",
  booktitle = ECOOP
  }

@inproceedings{balto,
  title = "Maintaining Database integruty with refinement Types",
  author = "Ioannis G. Baltoplouls and Johannes Borgstrom and Andrew G. Gordon",
  year = "2011",
  booktitle = ECOOP
  }
  
  
  
@inproceedings{Z3,
 author = {Leonardo De Moura and Nikolaj Bj{\o}rner},
 title = {{Z3}: an efficient {SMT} solver},
 booktitle = {TACAS},
 xseries = {ETAPS},
 year = {2008},
 xpublisher = {Springer}
}

@misc{membranesJavascript,
  AUTHOR        = {Tom van Cutsem},
  TITLE     = {Membranes in {J}avascript} ,
   note	= {Available from  {\footnotesize\texttt{prog.vub.ac.be/} \textasciitilde{}\texttt{tvcutsem/\-invokedynamic/\-js-membranes}}},
   year = 2012
}

@phdthesis{Xxsmurray10dphil,
  title = "Analysing the Security Properties of Object-Capability Patterns",
  author = "{Toby Murray}",
 AUTHOR+an = {=grant},
  year = "2010",
  school = "University of Oxford"
}


@inproceedings{enforcing,
title = "Enforceable Security Policies Revisited",
author = "David  Basin and Vincent Jug{\'e}  and Felix Klaedtke and Eugen Zalinescu",
year = "2012",
booktitle = "POST",
xxseries = "ETAPS, LNCS"}

@inproceedings{stepindex,
title = "State-dependent representation independence",
author = "Amal Ahmed and Derek Dreyer and Andreas Rossberg",
year = "2009",
booktitle = "POPL"}

@inproceedings{monitoring,
title = "Monitoring security policies with metric first-order temporal logic",
author = "David Basin and  and Felix Klaedtke and Samuel M{\"{u}}ller",
year = "2010",
booktitle = "SACMAT"}



@phdthesis{MillerPhDx,
  title = {{Robust Composition: Towards a Unified Approach to Access Control
and Concurrency Control}},
  author = "Mark Samuel Miller",
  year = "2006",
  school = "Baltimore, Maryland"
}

@misc{verifGrants,
    title="Verification and Correctness -  grants awarded between October 2005 and November 2010",
    author="EPSRC",
  note={www.epsrc.ac.uk/SiteCollectionDocuments/ourportfolio/}}
    }
    
@misc{lazy,
    title="The Lazy Programmer's Guide to Security",
    author="Marc Stiegler",
  note={HP Labs, {{www.object-oriented-security.org}}}
    }
    
   
    
@misc{ecma,
    author="{ECMA Consortium}",
    title="{ECMAScript} Language Specification",
    date= "2017",
    note="{\footnotesize\texttt{https://www.ecma-\-international.\-org/\-publications/standards/Ecma-262.htm}}"}


@TechReport{towardsCPSV,
    title={{Towards Capability Policy Specification and Verification}},
    author={Sophia Drossopoulou and James Noble},
 AUTHOR+an = {2=grant; 1=grant},
    sortkey={Sophia Drossopoulou and James Noble},
    year= 2014,
    institution={School of Engineering and Computer Science, Victoria University of Wellington},
    number = {{ECSTR-14-05}},
  url=  {{https://ecs.victoria.ac.nz/Main/TechnicalReportXseries}}
  }
    
@inproceedings{XXXELang,
  AUTHOR        = {Mark Samuel Miller and Chip Morningstar and Bill Frantz},
  TITLE     = {{Capability-based Financial Instruments: From Object to Capabilities}} ,
   booktitle ={{Financial Cryptography}},
   year = 2000,
   xpublisher ={Springer}
}

@misc{XXXCaja,
  AUTHOR        = {Mark Samuel Miller and Mike Samuel and Ben Laurie and Ihab Awad and Mike Stay},
  TITLE     = {{Safe active content in sanitized JavaScript}} ,
   note	= {{code.google.com/p/google-caja/}},
    year = 2008
}

@misc{Solidity,
  AUTHOR        = {Solidity Community},
  TITLE     = {{Solidity}} ,
   note	= {{https://solidity.readthedocs.io/en/develop/}},
}

@misc{SolidityCoin,
  AUTHOR        = {{Solidity Community}},
  TITLE     = {{Subcurrency Example}} ,
   note	= {{\footnotesize\texttt{http://solidity.readthedocs.io/en/\-de\-ve\-lop\-/introduction-\-to-\-smart-\-contracts.html}}},
}

@misc{SolidityModifier,
  AUTHOR  = {Solidity Community},
  TITLE     = {{Function Modifiers}} ,
   note	= {\footnotesize\texttt{http://solidity.readthedocs.io/en/develop/contracts.html\#function-modifiers}}
}

@misc{SolidityMultiSigJuly,
  AUTHOR        = {CodeTract},
  TITLE     = {{A look into Parity's Multisig Wallet bug affecting \$100 million in Ether and tokens}} ,
   note	= {\footnotesize\texttt{{https://medium.com/@codetractio/a-look-into-paritys-multisig-\-wall\-et-\-bug-\-affect\-ing-\-100\--million-\-in-\-ether-and-tokens-356f5ba6e90a}}}
}

@misc{SolidityMultiSigNovember,
author = {MashableUK},
title = {{Wallet bug freezes more than \$150 million worth of Ethereum}},
note = {\texttt{http:\-//\-mashable.\-com/\-2017/\-11/\-08/\-ether\-eum-\-par\-ity-\-bug/\-\#7x\-El\-dv\-0f\-3\-m\-qP}}
}





@InProceedings{correspondence,
author= {Andrew D. Gordon and Alan Jeffrey},
title= {{Typing correspondence assertions for communication protocols}},
booktitle = {MFPS},
year = 2001,
  xpublisher =    {Elsevier, ENTCS}
}


 
@article{objSess,
author= {Mariangiola Dezani Ciancaglini and {Sophia
                  Drossopoulou} and Dimitris Mostrous and Nobuko
                  Yoshoda},
 AUTHOR+an = {2=grant},

title= {{Objects and Session Types}},
journal = {{Information and Computation}},
year = 2009
}


@InProceedings{RolesStacksHistories,
author= {Johannes Borgstrom amd  Andrew D. Gordon and Riccardo Pucella},
title= {{Roles, Stacks, Histories: A Triple for Hoare}},
booktitle = {Reflections on the work of C.A.R. Hoare},
year = 2010,
editor = {C.B. Jones and A.W. Roscoe and K.R. Wood},
pages = {71--100},
  xpublisher =    {Springer}
}

@article{ownVerif,
author= {Werner M. Dietl and Peter M{\"{u}}ller},
title= {{Object Ownership in Program Verification}},
journal = {{Aliasing in Object-Oriented Programming}},
year = 2012
}

@article{existOwn,
author= {Nicholas Cameron and {Sophia Drossopoulou} and
                  {James Noble}},
 AUTHOR+an = {2=grant; 3=grant},
title= {{Ownership Types are Existential Types}},
journal = {{Aliasing in Object-Oriented Programming}},
year = 2012
}

@inproceedings{wild,
author= {Nicholas Cameron and {Sophia Drossopoulou} and Erik
                  Ernst},
 AUTHOR+an = {2=grant},
title= {{A Model for Java Wildcards}},
booktitle = ECOOP,
year = 2008
}

@inproceedings{infJS,
author= {Christopher Anderson and Paola Giannini and {Sophia
                  Drossopoulou}},
 AUTHOR+an = {3=grant},
title= {{Type Inference for JavaScript}},
booktitle = ECOOP,
year = 2005
}


@article{babyJ,
author= {Christopher Anderson and {Sophia Drossopoulou}},
AUTHOR+an = {2=grant},
title= {{BabyJ: from object based to class based programming via types}},
journal = {ENTCS},
year = 2003
}

@article{TasteOfCapsicum,
author= {R. N. M.  Watson and J.  Anderson and B. Laurie B. and K. Kennaway},
title= {A taste of Capsicum, practical capabilities for Unix},
journal = {Communications of the {ACM}},
year = 2012,
  xpublisher =    {ACM Press}
}

@misc{CAP,
author= {M. V. Wilkes and R. M. Needham},
title= {{The Cambridge CAP computer and its operating system}},
booktitle = {ACM symposium on Operating systems principles},
year = 1979,
  xpublisher =    {Elsevier North-Holland Inc, Amsterdam, the netherlands}
}

@article{XXXDennis66,
author= {Jack B. Dennis and Earl C. Van Horn},
title= {{Programming Semantics for Multiprogrammed Computations}},
journal = {Comm. ACM},
year = 1966,
volume = 9,
number = 3,
  xpublisher =    {ACM Press}
}

@article{Lampson76,
author= {Butler W. Lampson and Howard E. Sturgis},
title= {{Reflection on an Operating System Design}},
journal = {Communications of the ACM},
year = 1976,
volume = 19,
number = 5,
  xpublisher =    {ACM Press}
}

@inproceedings{verifast,
title = "VeriFast: A Powerful, Sound, Predictable, Fast Verifier for {C} and {J}ava - Invited Paper",
author = "Bart Jacobs and Jan Smans and Pieter Philippaerts and Frederic Vogels and Willem Penninckx and Frank Piessens",
year =  2011,
booktitle = "NFM"}

@article{IDF,
author= {Jan Smans and Bart Jacobs and Frank Piessens},
title= {{Implicit Dynamic Frames}},
journal = {ToPLAS},
year = 2012,
  xpublisher =    {ACM}
}

@InProceedings{MattAlex,
    author = { Matthew Parkinson and Alexander J. Summers},
    title = {{The Relationship between Separation Logic and Implicit Dynamic Frames}},
    booktitle = {ESOP},
year = 2011
}

@InProceedings{Bauer07consumablecredentials,
    author = {Lujo Bauer and Kevin D. Bowers and Frank Pfenning and Michael K. Reiter},
    title = {Consumable Credentials in Logic-Based Access Control},
    booktitle = {Network and Distributed Systems Security Symposium},
year = 2007,
pages = {143--157},
  xseries =       LNCS,
  xpublisher =    {Springer}
}

@InProceedings{FeatherFirefox,
    author = {Aaron Bohannon and Benjamin Pierce},
    title = {{Featherweight Firefox - Formalizing the Core of a web browser}},
    booktitle = {{USENIX Security Symp.}},
year = 2010
}

@InProceedings{LinearLogicKnowledge,
    author = {Deepak Garg and Lujo Bauer and Kevin D. Bowers and Frank Pfenning and Michael K. Reiter},
    title = {A linear knowledge of authorization and knowledge},
    booktitle = {{ESoRICS}},
year = 2006,
  xseries =       LNCS,
  xpublisher =    {Springer}
}

@book{Java2Security,
    author = {Li Gong and G. Ellison and M. Dageforde},
    title = {{Inside the Java 2 platform security}},
    xpublisher = {Addison Wesley},
year = 2002}
 
@InProceedings{beyondTheSandbox,
    author = {Li Gong and Marianne Mueller and Hemma Prafullchandracand Roland Schemers},
    title = {{Going beyond the Sandbox: An Overview of the New Security Architecture in the Java Development Kit 1.2}},
    booktitle = {Usenix Network and Distributed Systems Security Symposium},
year = 1997}

 @inproceedings{XXXmmt-oakland10,
    author= {S. Maffeis and J.C. Mitchell and A. Taly},
    title = {Object Capabilities and Isolation of Untrusted Web Applications},
    booktitle = "Proc of {IEEE Security and Privacy}",
    year = "2010"
}

@Unpublished{ooToSecurity,
  Author =   {Mark Samuel Miller},
  Title =    {{Secure Distributed Programming with Object-capabilities in JavaScript}},
  Month =    oct,
  Year =     2011,
  Note =     {Talk at Vrije Universiteit Brussel,
                  {{mobicrant-talks.eventbrite.com}}}
}

@inproceedings{XXXusinghistory,
    author = {K. Rustan M. Leino and Wolfram Schulte},
    title = {Using History Invariants to Verify Observers},
    booktitle = {ESOP},
    year = {2007}
}

@Unpublished{newspeak,
  Author =   {{The Newspeak Team}},
  Title =    {{Several Newspeak Documents}},
  Month =    {September},
  Year =     2012,
  Note =     {{\tt {new\-speak\-lan\-guage.\-org/}}}
}


@Unpublished{newspeak17,
  Author =   {Gilad Bracha},
  Title =    {The {Newspeak} Language Specification Version 0.1},
  Month =    feb,
  Year =     2017,
  Note =     {{\tt {new\-speak\-lan\-guage.\-org/}}}
}


@Book{dart15,
  author = 	 {Gilad Bracha},
  title = 	 {The {Dart} Programming Language},
  xpublisher = 	 {Addison-Wesley},
  year = 	 2015,
  month = 	 dec}

@Unpublished{dart,
  Author =   {{The Dart Team}},
  Title =    {{Dart Programming Language Specification}},
  Month =    {June},
  Year =     2012,
  Note =     { {\tt {www.dartlang.org/docs/spec/}}}
}


@InProceedings{dynamicOwn,
    author = {Donald Gordon and {James Noble}},
AUTHOR+an = {2=grant},
    title = {{Dynamic Ownership in a Dynamic Language}},
    booktitle = {Dynamic Languages Symposium},
year = 2007,
   xpublisher =    "ACM"}
 
@Unpublished{Leavens-etal07x,
  Author =   {G. T. Leavens and E. Poll and C. Clifton and Y. Cheon and C. Ruby and D. R. Cok and P. M{\"{u}}ller and J. Kiniry and P. Chalin},
  Title =    {{JML Reference Manual}},
  Month =    {February},
  Year =     2007,
  Note =     {Iowa State Univ. {\footnotesize\texttt{www.\-jmlspecs.\-org}}}
}

@article{staticsfull,
title		= {{A Universe-Type-Based Verification Technique for Mutable Static Fields and Methods}},
author		= {A. J. Summers and {Sophia Drossopoulou} and
                  P. M{\"{u}}ller},
AUTHOR+an = {2=grant},
year		= {2009},
  Note =     {Journal of Object Technologies}
  }
 

@INPROCEEDINGS{ pubsdoc:staticINV,
booktitle	= {Formal techniques for {Java-like} Programming},
title		= {{A Universe-Type-Based Verification Technique for Mutable Static Fields and Methods (Work in Progress)}},
author		= {A. J. Summers and {Sophia Drossopoulou} and
                  P. M{\"{u}}ller},
AUTHOR+an = {2=grant},
month		= {June},
year		= {2008},
url		= {http://pubs.doc.ic.ac.uk/staticINV/}}


@InProceedings{DrossoFrancaMuellerSummers08,
 Xauthor = {Sophia Drossopoulou and A. Francalanza and
                  P. M{\"u}ller and A. J. Summers},
AUTHOR+an = {1=grant},
 author = {Sophia Drossopoulou and A. Francalanza and
                  P. M{\"u}ller and A. J. Summers},
 AUTHOR+an = {1=grant},
 Xsortkey={Sophia Drossopoulou and A. Francalanza},
 title = {A Unified Framework for Verification Techniques for Object Invariants},
 booktitle = ECOOP,
 year = {2008},
 Xeditor = {},
 xseries = LNCS,
 xpublisher = {Springer},
}

@INPROCEEDINGS{pubsdoc:invariants-iwaco09,
booktitle	= {IWACO},
title		= {{The need for Flexible Object Invariants}},
xseries		= {ACM DL},
author		= {Alexander J. Summers and {Sophia Drossopoulou} and Peter M{\"{u}}ller},
month		= {July},
year		= {2009}}

@INPROCEEDINGS{raceSafe,
booktitle	= {VAMP},
title		= {{Universe Types for Race Safety}},
author		= {David Cunningham and {Sophia Drossopoulou} and Susan Eisenbach},
year		= {2007}}


@ARTICLE{ pubsdoc:universe-types-encapsulation,
title		= {{Universe Types for Topology and Encapsulation}},
volume		= {5382},
ISBN		= {978-3-540-92187-5},
xseries		= {LNCS},
author		= {Cunningham, David and Dietl, Werner and {Drossopoulou, Sophia} and Francalanza, Adrian and M{\"{u}}ller, Peter and Summers, Alexander},
pages		= {72--112},
year		= {2008},
journal         = {FMCO}
}

@article{DietlMueller05,
 author = {Dietl, W. and M\"uller, P.},
 title = {Universes: Lightweight Ownership for {JML}},
 journal = {JOT},
 month = {October},
 year = {2005},
 optkey = {},
 volume = {4},
 number = {8},
 pages = {5--32},
 optannote = {},
 note = {},
}

@article{MuellerPoetzsch-HeffterLeavens06,
 author = {M\"{u}ller, P. and Poetzsch-Heffter, A. and Leavens, G. T.},
 title = {Modular Invariants for Layered Object Structures},
 journal = {Science of Computer Programming},
 year = {2006},
 volume = {62},
 pages = {253--286}
}

@inproceedings{sliceProvenance,
 author = {Roly Perera and Umut Acar and James Cheney and Paul Blain Levy},
 title = {Functional programs that explain their work},
 booktitle = {ICFP},
 year = {2012},
 xpublisher = {ACM}
}
 
 @misc{boogie2,
title		= {{This is Boogie 2}},
author= {K. Rustan M. Leino},
year		= {2008} }


@inproceedings{boogie12,
  author    = {K. Rustan M. Leino},
  title     = {Program proving using intermediate verification languages {(IVLs)} like
               boogie and why3},
  booktitle = {Proceedings of the 2012 {ACM} Conference on High Integrity Language
               Technology, {HILT} '12, December 2-6, 2012, Boston, Massachusetts,
               {USA}},
  pages     = {25--26},
  year      = {2012},
  Xcrossref  = {DBLP:conf/sigada/2012},
  Xurl       = {http://doi.acm.org/10.1145/2402676.2402689},
  Xdoi       = {10.1145/2402676.2402689},
  timestamp = {Wed, 05 Dec 2012 15:24:45 +0100},
  biburl    = {http://dblp.org/rec/bib/conf/sigada/Leino12a},
  bibsource = {dblp computer science bibliography, http://dblp.org}
}

@inproceedings{dafny13,
  author    = {K. Rustan M. Leino},
  title     = {Developing verified programs with dafny},
  xbooktitle = {35th International Conference on Software Engineering, {ICSE} '13,  San Francisco, CA, USA, May 18-26, 2013},
  booktitle = ICSE,
  pages     = {1488--1490},
  year      = {2013},
  Xcrossref  = {DBLP:conf/icse/2013},
  Xurl       = {https://doi.org/10.1109/ICSE.2013.6606754},
  Xdoi       = {10.1109/ICSE.2013.6606754},
  timestamp = {Tue, 23 May 2017 01:11:38 +0200},
  biburl    = {http://dblp.org/rec/bib/conf/icse/Leino04},
  bibsource = {dblp computer science bibliography, http://dblp.org}
}
@INPROCEEDINGS{sipOfChalice,
title		= {{A Sip of the Chalice}},
booktitle = FTFJP,
author		= {Azalea Raad and {Sophia Drossopoulou}},
month		= {July},
year		= {2011}}

@INPROCEEDINGS{trust,
title		= {{Trust the Clones}},
booktitle = {IWACO},
author		= {Dave Clarke and {Sophia Drossopoulou} and {James Noble}},
month		= {July},
year		= {2011}}

@INPROCEEDINGS{hybrid,
title		= {{Hybrid Typechecking}},
author		= {Cormac Flanagan},
booktitle = {POPL},
year		= {2006}}

@INPROCEEDINGS{gracex,
title		= {{Grace: the Absence of (Inessential) Difficulty}},
author		= {Andrew Black and Kim Bruce and Michael Homer and {James Noble}},
booktitle = {Onwards},
year		= {2012}}



@INPROCEEDINGS{chalice,
title		= {{Verification of concurrent programs with Chalice}},
author		= {K Rustan M Leino and Peter M{\"{u}}ller},
booktitle = {ESOP},
year		= {2009}}


@INPROCEEDINGS{rolesForOwners,
booktitle	= {IWACO 2011},
title		= {{Roles for Owners - Work in Progress}},
xseries		= {ACM DL},
author		= {Sophia Drossopoulou and David Clarke and James
                  Noble},
AUTHOR+an = {1=grant; 3=grant},
month		= {July},
year		= {2011}}


@InProceedings{LuPotPOPL06,
  author =   {Y. Lu and J. Potter},
  title =    {{P}rotecting {R}epresentation with {E}ffect
                  {E}ncapsulation.},
  booktitle =    {POPL},
  year =     {2006},
  pages =    {359-371}
}

@InProceedings{LuPotECOOP05,
  author =   {Yi Lu and John Potter},
  title =    {A {T}ype {S}ystem for {R}eachability and
                  {A}cyclicity},
  booktitle =    ECOOP,
  year =     {2005},
  pages =    {479-503}
}

@InProceedings{LuPotECOOP06,
  author =   {Yi Lu and John Potter},
  title =    {{O}n {O}wnership and {A}ccessibility},
  booktitle =    ECOOP,
  pages =    {99-123},
  year =     {2006}
}

@InProceedings{XXXconsiderate,
  author =   {Alexander J. Summers and {Sophia Drossopoulou}},
  title =    {{Considerate Reasoning and the Composite Pattern}},
  booktitle = {VMCAI},
  year = {2010}
}

@InProceedings{LuPotECOOP07,
  author =   {Y. Lu and J. Potter and J. Xue},
  title =    {{O}bject {I}nvariants and {E}ffects},
  booktitle = ECOOP,
  year = {2007},
  editor =  {},
  xseries =   LNCS,
  xpublisher =    {Springer},
  volume = {4609},
  pages = {202--226}
}


@TechReport{PotNobClaBidOOPSLA06,
  author =       {Alex Potanin and {James Noble} and Dave Clarke and
                  Robert Biddle},
  title =        {{G}eneric {O}wnership for {G}eneric {J}ava},
  institution =  {University of Wellington, Victoria},
  year =         2006,
  number =       {CS-TR-03-16}
}

@InProceedings{VitECOOP06,
  author =   {Chris Andreae and Yvonne Coady and Celina Gibbs and
                  {James Noble} and Jan Vitek and Tian Zhao},
  title =    {{S}coped {T}ypes and {A}spects for {R}eal-{T}ime
                  {J}ava},
  booktitle =    ECOOP,
  pages =    {124-147},
  year =     {2006}
}


@InProceedings{dpj,
  author =   {R. Bocchino and S. Heumann and N. Honarmand and S. Adve and V. Adve and A. Welc and T. Shpeisman},
  title =    {{Safe Nondeterminism in a Deterministic-by-Default Parallel Language}},
  booktitle =    {POPL},
  year =     {2011}
}


@InProceedings{MitECOOP06,
  author =   {Nick Mitchell},
  title =    {{T}he {R}untime {Structure} of {O}bject {O}wnership},
  booktitle =    ECOOP,
  pages =    {74-98},
  year =     {2006}
}

@inproceedings{ddXXX,
  author    = {Dominique Devriese and
               Lars Birkedal and
               Frank Piessens},
  title     = {Reasoning about Object Capabilities with Logical Relations and Effect
               Parametricity},
  booktitle = {{IEEE} European Symposium on Security and Privacy, EuroS{\&}P
               2016, Saarbr{\"{u}}cken, Germany, March 21-24, 2016},
  pages     = {147--162},
  year      = {2016},
  doi       = {10.1109/EuroSP.2016.22}
}


 



@inproceedings{ownalias,
  author =       "David G. Clarke and John M. Potter and {James Noble}",
  title =        "Ownership Types for Flexible Alias Protection",
  booktitle =    OOPSLA,
  publisher =    "ACM",
  year =         1998
}

@inproceedings{hypervisor,
 author = {Dirk Leinenbach  and Thomas Santen},
 title ={ {Verifying the Microsoft Hyper-V Hypervisor with VCC}},
 booktitle = {Formal Methods},
 year = {2009},
  xpublisher = {Springer}
}

@inproceedings{BoyLisShrPOPL03,
 author = {Chandrasekhar Boyapati and Barbara Liskov and Liuba Shrira},
 title = {Ownership types for object encapsulation},
 booktitle = {POPL '03: Proceedings of the 30th ACM SIGPLAN-SIGACT symposium on Principles of programming languages},
 year = {2003},
 isbn = {1-58113-628-5},
 pages = {213--223},
 location = {New Orleans, Louisiana, USA},
 doi = {http://doi.acm.org/10.1145/604131.604156},
 xpublisher = {ACM Press},
 address = {New York, NY, USA},
 }

@inproceedings{ClaDroOOPLSA02,
 author    = {Dave Clarke and {Sophia Drossopoulou}},
 title     = {Ownership, {E}ncapsulation and the {D}isjointness of {T}ypes and {E}ffects},
 booktitle = OOPSLA,
 year      = {2002}
}

@misc{membranes,
    author = {Yves Jaradin and Fred Piessens and Peter Van Roy},
    title = {Capability Confinement by Membranes},
    year = {2005},
    note={{TR} {Universit{\'e} Catholique De Louvain}}
}

@TECHREPORT{server,
    author = {M. Zlewski},
    title = {{Browser Security Handbook}},
    institution = {Google Inc.},
    year = {2008},
    note={{code.google.com/p/browsersec/wiki/Part2}}
}


@book{GosJoySteBra00,
    author = "James Gosling and Bill Joy and Guy Steele and Gilad Bracha",
    title = "The {Java} Language Specification Second Edition",
    xpublisher = "Addison-Wesley",
    address = "Boston, Mass.",
    isbn = "0-201-31008-2",
    year = "2000",
    url = "citeseer.ist.psu.edu/gosling00java.html" }

@book{modula2,
    author = {Niklaus Wirth},
    title = "Programming in Modula-2",
    xpublisher = "Springer",
    year = "1982"}
    
 @book{cpp,
    author = {Bjarne Stroustrup},
    title = "The C++ Programming Language",
    xpublisher = "Addison Wesley",
    year = "1986"}

@article{refinementForSecure,
 author = {Jesper Bengtson and Kathiekeyan Bhargavan and Cedric Fournet and Andrew Gordon and S.Maffeis},
 title = {{Refinement Types for Secure Implementations}},
 journal = {ACM ToPLAS},
 year = {2011}
  }


   
@article{IgaPieWadTOPLAS01,
 author = {Atsushi Igarashi and Benjamin C. Pierce and Philip Wadler},
 title = {Featherweight {Java:} a minimal core calculus for Java and GJ},
 journal = {ACM ToPLAS},
 volume = {23},
 number = {3},
 year = {2001},
 issn = {0164-0925},
 pages = {396--450},
 doi = {http://doi.acm.org/10.1145/503502.503505},
 address = {New York, NY, USA},
 }

@inproceedings{FlaQadTLDI03,
 author = {Cormac Flanagan and Shaz Qadeer},
 title = {Types for atomicity},
 booktitle = {TLDI},
 year = {2003},
 isbn = {1-58113-649-8},
 pages = {1--12},
 location = {New Orleans, Louisiana, USA},
 doi = {http://doi.acm.org/10.1145/604174.604176},
 xpublisher = {ACM Press},
 address = {New York, NY, USA},
 }

@inproceedings{BerHonYos05,
 author = {Martin Berger and Kohei Honda and Nobuko Yoshida},
 title = {A logical analysis of aliasing in imperative higher-order functions},
 booktitle = {ICFP},
 year = {2005},
 isbn = {1-59593-064-7},
 pages = {280--293},
 location = {Tallinn, Estonia},
 doi = {http://doi.acm.org/10.1145/1086365.1086401},
 xpublisher = {ACM Press},
 address = {New York, NY, USA},
 }

@inproceedings{Zdancewic:Myers:01,
 author = {Steve Zdancewic  and Andrew C. Myers},
 title = {Secure Information Flow and CPS},
 booktitle = {Proceedings of the 10th European Symposium on Programming Languages and Systems},
 xseries = {ESOP '01},
 year = {2001},
 isbn = {3-540-41862-8},
 pages = {46--61},
 numpages = {16},
 url = {http://dl.acm.org/citation.cfm?id=645395.651931},
 acmid = {651931},
 xpublisher = {Springer},
 address = {London, UK, UK},
}

@inproceedings{BAN,
 author = {Michael Burrows and Martin Abadi and Roger Needham},
 title = {{A Logic of Authentication}},
 booktitle = {Twelfth Symposium on Operating System Principles},
 year = {1989}
}

@article{Denning76,
 author = {Denning, Dorothy E.},
 title = {A lattice model of secure information flow},
 journal = {Commun. ACM},
 issue_date = {May 1976},
 volume = {19},
 number = {5},
 month = may,
 year = {1976},
 issn = {0001-0782},
 pages = {236--243},
 numpages = {8},
 url = {http://doi.acm.org/10.1145/360051.360056},
 doi = {10.1145/360051.360056},
 acmid = {360056},
 xpublisher = {ACM},
 address = {New York, NY, USA},
 keywords = {information flow, lattice, program certification, protection, security, security class},
}


@inproceedings{typeEffect,
 author    = {J. P. Talpin and P. Jouvelot},
 title     = {The {T}ype and {E}ffect  {D}iscipline},
 booktitle = {LICS},
 year      = {1992},
  pages     = {162--173},
  xpublisher = {IEEE Computer Society}
}


@inproceedings{Smith06,
 author    = {Matthew Smith},
 title     = {{T}owards an {E}ffects {S}ystem for {O}wnership {D}omains},
 booktitle = FTFJP,
 year      = {2006},
 url       = {http://slurp.doc.ic.ac.uk/pubs.html}
}


@InProceedings{xNobPotVitECOOP98,
  author =       "{James Noble} and John Potter and Jan Vitek",
  title =        "Flexible Alias Protection",
  booktitle =    ECOOP,
  month =        Jul,
  year =         1998,
}

@inproceedings{SmiDroIWACO03,
 author    = {Matthew Smith and {Sophia Drossopoulou}},
 title     = {Cheaper {R}easoning with {O}wnership {T}ypes},
 booktitle = {IWACO},
 year      = {2003},
 url       = {http://www.cs.uu.nl/~dave/iwaco/}
}


@inproceedings{atomic,
 author = {C. Flanagan and S. Qadeer},
 title     = {A {T}ype and {E}ffect  {S}ystem for {A}tomicity},
 year      = {2003},
 booktitle = {PLDI},
 pages = {338--349},
 xpublisher = {ACM Press}
}

@inproceedings{capsForSharing,
 author = {John Boyland and {James Noble} and William Retert},
 title     = {{C}apabilities for {S}haring},
 year      = {2001},
 booktitle = ECOOP,
 xxpublisher = {Springer}
}

@inproceedings{ParBiePOPL05,
 author = {M. Parkinson and G. Bierman},
 title = {Separation logic and abstraction},
 booktitle = {POPL},
 year = {2005},
 pages = {247--258},
 xpublisher = {ACM Press}
}

@inproceedings{jStar,
 author = {Dino DiStefano and Matthew J. Parkinson},
 title = {j{S}tar: {T}owards practical verification for {J}ava},
 booktitle = OOPSLA,
 year = {2008},
 xpublisher = {ACM Press}
}


@inproceedings{ParBiePOPL08,
 author = {M. Parkinson and G. Bierman},
 title = {Separation Logic, Abstraction and Inheritance},
 booktitle = {POPL},
 year = {2008},
 xpublisher = {ACM Press},
 pages = {75--86}
}


@inproceedings{ChinPOPL08,
 author = {W.-N. Chin and C. David and H. H. Nguyen and S. Qin},
 title = {Enhancing Modular {OO} Verification with Separation Logic},
 booktitle = {POPL},
 year = {2008},
 pages = {87--99},
 xpublisher = {ACM Press}
}

@inproceedings{Parkinson07,
 author = {Matthew Parkinson},
 title = {Class Invariants: the end of the Road?},
 booktitle = {IWACO},
 year = {2007}
}

@inproceedings{ BoyLeeRinOOPSLA02,
  author = "C. Boyapati and R. Lee and M. Rinard",
  title = "Ownership types for safe programming: Preventing data races and deadlocks",
  booktitle = OOPSLA,
  month = nov,
  year = "2002",
  url = "citeseer.ist.psu.edu/boyapati02ownership.html" }

@inproceedings{DieMueFTJP04,
 author = {Dietl, W. and M\"{u}ller, P.},
 title = {Exceptions in Ownership Type Systems},
 booktitle = {Formal Techniques for {J}ava-like Programs},
 year = {2004},
 editor = {E. Poll},
 pages = {49--54}
}

@inproceedings{XXXBarLeiSch05,
  author = "M. Barnett and K. R. M. Leino and W. Schulte",
  title = "The {S}pec\# Programming System: An Overview",
  booktitle = {CASSIS},
 year = {2005},
 pages = {49--69},
 xseries = LNCS,
 xpublisher = {Springer}
}


@article{BarDelFahLeiSch04,
 author = "M. Barnett and R. DeLine and M. F{\"a}hndrich and K. R. M. Leino and
    W. Schulte",
  title = "Verification of object-oriented programs with invariants",
 journal = {JOT},
 year = {2004},
 volume = {3},
 number = {6},
 pages = {27--56}
}

@InProceedings{BarnettNaumann04,
  author =       {Barnett, M. and Naumann, D.},
  title =        {Friends Need a Bit More: Maintaining
  Invariants Over Shared State},
  booktitle =    {MPC},
   year =         2004,
  xseries =       LNCS
}

@inproceedings{LeinoMueller04,
 author = {Leino, K. R. M. and M\"uller, P.},
 title = {Object Invariants in Dynamic Contexts},
 booktitle = ECOOP,
 year = {2004},
 editor = {},
 xseries = LNCS,
 volume = {3086},
 xpublisher = {Springer},
 pages = {491--516},
}


@inproceedings{FinFel01,
 author = {Robert Bruce Findler and Matthias Felleisen},
 title = {Contract Soundness for object-oriented languages},
 booktitle = {Object-oriented programming, systems, languages, and applications (OOPSLA)},
 year = {2001},
 isbn = {1-58113-335-9},
 pages = {1--15},
 location = {Tampa Bay, FL, USA},
 doi = {http://doi.acm.org/10.1145/504282.504283},
 xpublisher = {ACM Press}
 }

@book{XXMey88,
 author = {B. Meyer},
 title = {Object-Oriented Software Construction},
 year = {1988},
 xpublisher = {Prentice-Hall}
 }

@book{Meyer92x,
AUTHOR          = { Meyer, B. },
TITLE           = { Eiffel: The Language },
XPUBLISHER       = { Prentice Hall },
YEAR            = 1992
}


@book{Meyer97x,
  AUTHOR       = { Meyer, B. },
  TITLE        = { Object-Oriented Software Construction },
  XPUBLISHER    = { Prentice Hall },
  edition =      { Second },
  YEAR         = 1997
}


@Unpublished{DieDroMue07,
  author =   {Werner Dietl and {Sophia Drossopoulou} and Peter M\"uller},
  title =    {Generic Universe Types},
  note =     {{FOOL/WOOD'07}},
  OPTkey =   {},
  month =    {Jan},
  year =     {2007},
  OPTannote =    {}
}

@article{DieDroMue11,
  author =   {Werner Dietl and {Sophia Drossopoulou} and Peter M\"uller },
  title =    {Generic Universe Types, Separating Topology from Encapsulation},
  journal =     {{ToPLaS}},
  year =     {2011}
}

@inproceedings{LeavensMueller07,
 author = {G. T. Leavens and P. M{\"u}ller},
 title = {Information Hiding and Visibility in Interface Specifications},
 year = {2007},
 booktitle = ICSE,
 pages = {385--395},
 xpublisher = {IEEE}
}


@inproceedings{LeinoMueller06,
 author = {Leino, K. R. M. and M\"uller, P.},
 title = {A verification methodology for model fields},
 booktitle = {ESOR},
 editor = { },
 volume = {3924},
 pages = {115--130},
 year = {2006},
 xseries = LNCS,
 xpublisher = {Springer },
}

@article{MidHuiKuiLui2006,
    author = "R. Middelkoop and C. Huizing and R. Kuiper and E. J. Luit",
    title = "Invariants for Non-Hierarchical Object Structures",
  journal   = {Electr. Notes Theor. Comput. Sci.},
  volume    = {195},
  year      = {2008},
  pages     = {211--229}
}






@TechReport{Jones91,
  author =       {Jones, K. D.},
  title =        {{LM3}: A {L}arch Interface Language
  for {M}odula-3: A \sds{Definition} and Introduction},
  institution =  "Digital Equipment Corporation, Systems Research Center",
  year =         1991,
  number =       72
}



@inproceedings{HaehnleMostowski05,
 author = {R. H{\"a}hnle  and W. Mostowski},
 title = {Verification of Safety Properties in the Presence of Transactions},
 booktitle = {CASSIS},
 editor = {},
 volume = {3362},
 pages = {151--171},
 year = {2005},
 xseries = LNCS,
 xpublisher = {}
}

@Article{Hoare72,
  author =       {Hoare, C. A. R.},
  title =        "Proofs of Correctness of Data Representation",
  journal =      "Acta Informatica",
  year =         1972,
  volume =       1,
  pages =        "271--281"
}

@Article{XXXHoare69,
  author = {Hoare, C. A. R.},
  title =   "An Axiomatic Basis for Computer Programming",
  journal =      "Comm. ACM",
  year =         1969,
  volume =       12,
  pages =        "576--580"
}

@Article{Hoare74x,
  Author =   "C. A. R. Hoare",
  Title =    "Monitors: an operating system structuring concept",
  Journal =  "Commun. ACM",
  Year =     1974,
  Volume =   17,
  Number =   10,
  Pages =    "549--557"
}

@article{liskov94behavioral,
   author = {B. Liskov and J. Wing},
   title = {A Behavioral Notion of Subtyping},
   journal = {ACM ToPLAS},
   volume = {16},
   number = {6},
   pages = {1811--1841},
   year = {1994}
}

@Book{LiskovGuttag86,
  Author="Liskov, B. and Guttag, J.",
  Title="Abstraction and Specification in Program Development",
  Year=1986,
  Xpublisher={MIT Press}
}



@PhdThesis{Boyapati04,
  author =       {Boyapati, C.},
  title =        {{SafeJava:} A Unified Type System for Safe Programming},
  school =       {MIT},
  year =         2004,
  url =          {pmg.lcs.mit.edu/~chandra/publications/}
}

@InProceedings{LeinoSchulte07,
  author =       {Leino, K. R. M. and Schulte, W.},
  title =        {Using history invariants to verify observers},
  booktitle =    { ESOP },
  year =         2007,
  xpublisher = {Springer},
  xseries    = LNCS,
  editor =   { },
  volume =   4421,
  pages =    {316--330}
}

@inproceedings{Reynolds02,
author = "Reynolds, J. C.",
title = "Separation Logic: A Logic for Shared Mutable Data Structures",
booktitle = " LICS ",
publisher = "IEEE Computer Society",
year = 2002,
pages = "55--74"
}

@inproceedings{IshtiaqOHearn01,
 author = {S. S. Ishtiaq and P. W. O'Hearn},
 title = {{BI} as an assertion language for mutable data structures},
 booktitle = { POPL },
 year = {2001},
 pages = {14--26},
 xpublisher = {ACM Press}
 }

@inproceedings{OHearnYangReynolds04,
 author = {P. W. O'Hearn and H. Yang and J. C. Reynolds},
 title = {Separation and information hiding},
 booktitle = { POPL },
 year = {2004},
 pages = {268--280},
 xpublisher = {ACM Press}
 }

@InProceedings{DietlDrossopoulouMueller07a,
  author =   {Werner Dietl and {Sophia Drossopoulou} and Peter M\"uller },
  title =       {{G}eneric {U}niverse {T}ypes},
  booktitle =    { ECOOP },
  year =     {2007},
  editor =   { },
  xseries =   LNCS,
  xpublisher =    {Springer },
  url =          {http://www.springerlink.com},
  urltext =      {Springer-Online},
  volume = {4609},
  pages = {28--53}
}


@PHDTHESIS{Leino95a,
AUTHOR = {Leino, K. R. M.},
TITLE = {Toward Reliable Modular Programs},
SCHOOL = {California Institute of Technology},
YEAR = 1995
}



@Book{GoslingEA05,
  author =       {Gosling, J. and Joy, B. and Steele, G. and Bracha, G.},
  title =        {The {J}ava Language Specification (3rd Edition)},
  xpublisher =    {Addison-Wesley},
  year =         2005
}

@inproceedings{FaehndrichXia07,
 author = {M. F\"ahndrich and S. Xia},
 title = {Establishing Object Invariants with Delayed Types},
 booktitle = { OOPSLA },
 year = {2007},
 pages = {337--350},
 xpublisher = {ACM Press}
}

@INPROCEEDINGS{JacobsEA05,
  AUTHOR =       {B. Jacobs and K. R. M. Leino and F. Piessens and W. Schulte},
  TITLE =        {Safe Concurrency for Aggregate Objects with Invariants},
  BOOKTITLE =    {Software Engineering and Formal Methods (SEFM)},
  year =         {2005},
  xpublisher =    {IEEE Computer Society},
  pages =        {137--146}
}

@book{Mueller02,
 author = {M{\"u}ller, P.},
 title = {Modular Specification and Verification of Object-Oriented Programs},
 xpublisher = {Springer},
 xseries = LNCS,
 volume = {2262},
 year = {2002}
}

% Saltzer, Jerome H. (1974). "". Communications of the ACM 17 (7): 389.

%thank you Wikipedia - http://en.wikipedia.org/wiki/Principle_of_least_privilege

@Article{pola,
  author = 	 {Jerome H. Saltzer},
  title = 	 {Protection and the control of information sharing in {M}ultics},
  journal = 	 {{CACM}},
  year = 	 1974,
  volume = 	 17,
  number = 	 7,
  pages = 	 {p.389ff}}



@InProceedings{needham,
  author = 	 {Roger Needham},
  title = 	 {Protection systems and protection implementations},
  booktitle = {Joint Computer Conference},
  pages = 	 {571-578},
  year = 	 1972}

@InProceedings{aliasICSE2013,
  author = 	 {Alex Potanin and Monique Damitio and {James Noble}},
  title = 	 {Are Your Incoming Aliases Really Necessary? {C}ounting the Cost of Object Ownership},
  booktitle = ICSE,
  year = 	 2013}

@InProceedings{proxiesECOOP2013,
  author = 	 {Tom Van Cutsem and Mark S},
  title = 	 {Trustworthy Proxies: {V}irtualizing Objects with Invariants},
  booktitle = ECOOP,
  year = 	 2013}

@InProceedings{jsand2012,
  author = 	 {Pieter Agten and Steven Van Acker and Yoran Brondsema and Phu H. Phung and Lieven Desmet and Frank Piessens},
  title = 	 {{JSand:} Complete Client-Side Sandboxing of Third-Party {JavaScript} without Browser Modifications},
  booktitle = {{ACSAC}},
  year = 	 2012}

@InProceedings{XXXcapeFTfJP,
  author = 	 {Sophia Drossopoulou and James Noble},
AUTHOR+an = {1=grant; 2=grant},
  title = 	 {The Need for Capability Policies},
  booktitle = FTFJP,
  year = 	 2013}
  
  @InProceedings{iFM2014,
  author = 	 {Sophia Drossopoulou and James Noble},
AUTHOR+an = {1=grant; 2=grant},
  title = 	{{How to Break the Bank: Semantics of Capability Policies}},
  booktitle = {{International Conference on Integrated Formal Methods}},
  year = 	 2014}

 @InProceedings{FTfJP14,
  author = 	 {James Noble and Sophia Drossopoulou},
AUTHOR+an = {1=grant; 2=grant},
  title = 	 {A Rational reconstruction of the Escrow Example},
  booktitle = FTFJP,
  year = 	 2014}
  
  @InProceedings{permissionAuthority,
  author = 	 {Sophia Drossopoulou and James Noble and Mark Miller
                  and Toby Murray},
AUTHOR+an = {1=grant; 2=grant; 4=grant},
  title = 	 {Permission and Authority revisited -- towards a formalization},
  booktitle = FTFJP,
  year = 	 2016}

 @InProceedings{XXXswapsies,
  author = 	 {Sophia Drossopoulou and James Noble and Mark
                  Miller},
AUTHOR+an = {2=grant; 1=grant},
  title = 	 {Swapsies on the Internet:  First Steps towards Reasoning about Risk and Trust in an Open World},
  booktitle = {{(PLAS)}},
  year = 	 2015}
  
 @InProceedings{attenuation,
  author = 	 {Shu-Peng Loh and {Sophia Drossopoulou}},
  title = 	 {Specifying Attenuation},
  booktitle = {{(OCAP)}},
  year = 	 2017}
 
  
@InProceedings{XXXDefJS,
  author = 	 {Karthikeyan Bhargavan and Antoine Delignat-Lavaud
                  and Sergio Maffeis},
  title = 	 {Language-based Defenses against Untrusted Browser Origins},
  booktitle = {{USENIX} Security},
  year = 	 2013}


@InProceedings{FeaturesVSOCs,
  author = 	 {Salman Saghafi and Kathi Fisler and Shriram Krishnamurthi},
  title = 	 {Features and Object Capabilities: Reconciling Two Visions of Modularity},
  booktitle = {{AOSD}},
  year = 	 2012}

@InProceedings{badbeans,
   author =   {D. Clarke and M. Richmond and J. {{Noble}}},
   title =    {Saving the World from Bad Beans},
    booktitle = OOPSLA,
   year =     2003
}


@InProceedings{jeeves2012,
  author = 	 {Jean Yang and Kuat Yessenov and Armando Solar-Lezama},
  title = 	 {A Language for Automatically Enforcing Privacy Policies},
  booktitle = {{POPL}},
  year = 	 2012}


@article{sabelfeld-inlining2012,
  author    = {Jonas Magazinius and
               Alejandro Russo and
               Andrei Sabelfeld},
  title     = {On-the-fly inlining of dynamic security monitors},
  journal   = {Computers {\&} Security},
  volume    = {31},
  number    = {7},
  year      = {2012},
  pages     = {827-843}
}


@InProceedings{Xmiller-esop2013,
  author = 	 {Mark S. Miller and Tom Van Cutsem and Bill Tulloh},
  title = 	 {Distributed Electronic Rights in {JavaScript}},
  booktitle = {{ESOP}},
  year = 	 2013}


@InProceedings{flowcaps11,
  author = 	 {Arnar Birgisson and Alejandro Russo and Andrei Sabelfeld},
  title = 	 {Capabilities for information flow},
  booktitle = {Programming Languages and Analysis for Security (PLAS)},
  year = 	 2011}

@Misc{PolicyAsTypes,
  author = 	 {Meredith, L.G. and Mike Stay and {Sophia Drossopoulou}},
  title = 	 {Policy as Types},
  howpublished = {{arXiv:1307.7766 [cs.CR]}},
  month = 	 jul,
  year = 	 2013}


@INPROCEEDINGS{XXXADsafety,
author = {Joe Gibbs Politz and Spiridon Aristides Eliopoulos and Arjun Guha and Shriram Krishnamurthi},
title = {{ADsafety}: Type-Based Verification of {JavaScript} Sandboxing},
booktitle = {USENIX Security},
year = {2011},
}

@INPROCEEDINGS{XXXLerner2013b,
  author = {Benjamin S. Lerner and Liam Elberty and Neal Poole
            and Shriram Krishnamurthi},
  title = {Verifying Web Browser Extensions' Compliance with
           Private-Browsing Mode},
  booktitle = {European Symposium on Research in
               Computer Security (ESORICS)},
  year = {2013},
  month = sep
}


@inproceedings{reasonJS,
  author    = {Philippa Gardner and
               Sergio Maffeis and
               Gareth David Smith},
  title     = {Towards a program logic for {JavaScript}},
  booktitle = {POPL},
  year      = {2012}
}


@PhdThesis{XXXXiongPhd,
  author = 	 {Xiong, Wei},
  title = 	 {Verification and Validation of JavaScript},
  school = 	 2013,
  year = 	 {Durham University}}


@inproceedings{XXXQin11,
  author    = {Shengchao Qin and
               Aziem Chawdhary and
               Wei Xiong and
               Malcolm Munro and
               Zongyan Qiu and
               Huibiao Zhu},
  title     = {Towards an Axiomatic Verification System for {JavaScript}},
  booktitle = {TASE},
  year      = {2011},
  pages     = {133-141}
}


@InProceedings{XXXQuark,
  author = 	 {Dongseok Jang and Zachary Tatlock and Sorin Lerner},
  title = 	 {Establishing Browser Security Guarantees through Formal Shim Verification},
  booktitle = {{USENIX} Security},
  year = 	 2012}


@inproceedings{XXXJSDijkstraMonad,
  author    = {Nikhil Swamy and
               Joel Weinberger and
               Cole Schlesinger and
               Juan Chen and
               Benjamin Livshits},
  title     = {Verifying higher-order programs with the Dijkstra monad},
  booktitle = {PLDI},
  year      = 2013,
  pages     = {387-398}
}

@inproceedings{XXXDPCC14,
  author = 	 {Christos Dimoulas and Scott Moore and Aslan Askarov and Stephen Chong},
  title = 	 {Declarative Policies for Capability Control},
  year = 2014,
  booktitle = {Computer Security Foundations Symposium {(CSF)}}
}


@inproceedings{FlacJS,
  author    = {Gregor Richards and
               Christian Hammer and
               Francesco Zappa Nardelli and
               Suresh Jagannathan and
               Jan Vitek},
  title     = {Flexible access control for {JavaScript}},
  booktitle = OOPSLA,
  year      = {2013},
  pages     = {305-322}
}



%%%%%%%%%%%%%%%%%%%% NEW ONES  %%%%%%%%%%%%%%%%%%%%%%%%%%%%%%

@inproceedings{immut,
  author    = {A. Birka and M.D. Ernst},
  title     = {A practical type system and language for reference immutability},
  booktitle = OOPSLA,
  year      = {2004}
}
 

@misc{escrow:Solidity,
  AUTHOR        = {James Sangalli},
  TITLE     = {Escrow contract in Solidity} ,
   url	= {https://github.com/James-Sangalli/Solidity/blob/master/contracts/misc/escrow.sol},
   year = 2017
}

@misc{etherium:Purse,
  AUTHOR        = {{Solidity team}},
  TITLE     = {Introduction to Smart Contracts} ,
   url	= {http://solidity.readthedocs.io/en/develop/introduction-to-smart-contracts.html},
   year = 2017
}

@misc{contracts:as:escrow:Solidity,
  AUTHOR        = {{Solidity team}},
  TITLE     = {Two party contracts - Contracts as Escrow} ,
   url	= {https://dappsforbeginners.wordpress.com/tutorials/two-party-contracts/},
   year = 2017
}


 
@Book{PandP,
  author = 	 {Jane Austen},
  title = 	 {Pride and Prejudice},
  xpublisher = 	 {T.\ Egerton, Whitehall},
  year = 	 1813}

@Book{RustPL2,
  author = 	 {Steve Klabnik and Carol Nichols},
  title = 	 {The Rust Programming Language},
  xpublisher = 	 {No Starch Press},
  year = 	 2018,
  edition = 	 {2nd}}

@inproceedings{ScalaCapabilities,
  author    = {Philipp Haller and
               Alexander Loiko},
  title     = {LaCasa: lightweight affinity and object capabilities in Scala},
  booktitle = OOPSLA,
  Xbooktitle = {Proceedings of the 2016 {ACM} {SIGPLAN} International Conference on
               Object-Oriented Programming, Systems, Languages, and Applications,
               {OOPSLA} 2016, part of {SPLASH} 2016, Amsterdam, The Netherlands,
               October 30 - November 4, 2016},
  pages     = {272--291},
  year      = {2016},
  Xcrossref  = {DBLP:conf/oopsla/2016},
  Xurl       = {http://doi.acm.org/10.1145/2983990.2984042},
  Xdoi       = {10.1145/2983990.2984042},
  timestamp = {Tue, 25 Oct 2016 15:23:23 +0200},
  biburl    = {http://dblp.org/rec/bib/conf/oopsla/HallerL16},
  bibsource = {dblp computer science bibliography, http://dblp.org}
}

@inproceedings{ScalaBorrowing2017,
 author = {Osvald, Leo and Rompf, Tiark},
 title = {Rust-like Borrowing with 2nd-class Values},
 Xbooktitle = {Proceedings of the 8th ACM SIGPLAN International Symposium on Scala},
 Xxseries = {SCALA 2017},
 booktitle = {{SCALA}},
 year = {2017},
 Xisbn = {978-1-4503-5529-2},
 Xlocation = {Vancouver, BC, Canada},
 xpages = {13--17},
 Xnumpages = {5},
 Xurl = {http://doi.acm.org/10.1145/3136000.3136010},
 Xdoi = {10.1145/3136000.3136010},
 Xacmid = {3136010},
 Xxpublisher = {ACM},
 Xaddress = {New York, NY, USA},
 Xkeywords = {Rust, Scala, borrowing, memory model, programming model, safety, second-class}}

@inproceedings{CsharpMem2017,
 author = {Kedia, Piyus and Costa, Manuel and Parkinson, Matthew and Vaswani, Kapil and Vytiniotis, Dimitrios and Blankstein, Aaron},
 title = {Simple, Fast, and Safe Manual Memory Management},
 Xbooktitle = {Proceedings of the 38th ACM SIGPLAN Conference on Programming Language Design and Implementation},
 Xxseries = {PLDI 2017},
 booktitle = {{PLDI}},
 year = {2017},
 Xisbn = {978-1-4503-4988-8},
 Xlocation = {Barcelona, Spain},
 Xpages = {233--247},
 Xnumpages = {15},
 Xurl = {http://doi.acm.org/10.1145/3062341.3062376},
 Xdoi = {10.1145/3062341.3062376},
 Xacmid = {3062376},
 Xxpublisher = {ACM},
 Xaddress = {New York, NY, USA},
 Xkeywords = {garbage collection, managed languages, memory management, type safety},
} 

@article{RustBelt18,
 author = {Jung, Ralf and Jourdan, Jacques-Henri and Krebbers, Robbert and Dreyer, Derek},
 title = {RustBelt: Securing the Foundations of the Rust Programming Language},
 journal = {{PACMPL}},
 issue_date = {January 2018},
 volume = {2},
 number = {POPL},
 month = jan,
 year = {2017},
 XXissn = {2475-1421},
 pages = {66:1--66:34},
 articleno = {66},
 Xnumpages = {34},
 Xurl = {http://doi.acm.org/10.1145/3158154},
 Sdoi = {10.1145/3158154},
 Sacmid = {3158154},
 xpublisher = {ACM},
 Saddress = {New York, NY, USA},
 Xkeywords = {Rust, concurrency, logical relations, separation logic, type systems},
} 

[download]
@inproceedings{DOCaT14,
 author = {Rhodes, Dustin and Disney, Tim and Flanagan, Cormac},
 title = {Dynamic Detection of Object Capability Violations Through Model Checking},
 Xbooktitle = {Proceedings of the 10th ACM Symposium on Dynamic Languages},
 Xxseries = {DLS '14},
 booktitle = {{DLS}},
 year = {2014},
 Xisbn = {978-1-4503-3211-8},
 Xlocation = {Portland, Oregon, USA},
 pages = {103--112},
 Xnumpages = {10},
 Xurl = {http://doi.acm.org/10.1145/2661088.2661099},
 Xdoi = {10.1145/2661088.2661099},
 Xacmid = {2661099},
 Xxpublisher = {ACM},
 Xaddress = {New York, NY, USA},
 Xkeywords = {javascript, model checking, object capability, proxies, tool},
} 

@Book{coqbook,
  author = 	 {Yves Bertot, Pierre Cast{\'e}ran},
  title = 	 {Interactive Theorem Proving and Program Development: Coq'Art: The Calculus of Inductive Constructions},
  xpublisher = 	 {Springer-Verlag},
  year = 	 2004}


@InProceedings{aliasaswec98,
  author =       {John Potter and {James Noble} and David Clarke},
  title =        {The Ins and Outs of Objects},
  booktitle =    {Australian Software Engineering Conference {(ASWEC)}},
  year =         1998
}





@Article{cacm,
  author = 	 {Alex Potanin and {James Noble} and Marcus Frean and Robert Biddle},
  title = 	 {Scale-free geometry in {OO} programs},
  journal = 	 {Communications of the ACM {(CACM)}},
  year = 	 2005,
  volume = 	 48,
  number = 	 5,
  pages = 	 {158--185}}


@inproceedings{CapJavaHayesAPLAS17,
  author    = {Ian J. Hayes and
               Xi Wu and
               Larissa A. Meinicke},
  title     = {Capabilities for {J}ava: Secure Access to Resources},
  xbooktitle = {Programming Languages and Systems - 15th Asian Symposium, {APLAS}
               2017, Suzhou, China, November 27-29, 2017,
                  Proceedings},
  booktitle = {{APLAS}},
  pages     = {67--84},
  year      = {2017},
  Xcrossref  = {DBLP:conf/aplas/2017},
  Xurl       = {https://doi.org/10.1007/978-3-319-71237-6_4},
  Xdoi       = {10.1007/978-3-319-71237-6_4},
  Xtimestamp = {Mon, 20 Nov 2017 11:29:53 +0100},
  Xbiburl    = {http://dblp.org/rec/bib/conf/aplas/HayesWM17},
  Xbibsource = {dblp computer science bibliography, http://dblp.org}
}

@inproceedings{CapNetSocc17Eide,
  author    = {Anton Burtsev and
               David Johnson and
               Josh Kunz and
               Eric Eide and
               Jacobus E. van der Merwe},
  title     = {CapNet: security and least authority in a capability-enabled cloud},
  booktitle = {Proceedings of the 2017 Symposium on Cloud Computing, SoCC 2017, Santa
               Clara, CA, USA, September 24 - 27, 2017},
  pages     = {128--141},
  year      = {2017},
  Xcrossref  = {DBLP:conf/cloud/2017},
  Xurl       = {http://doi.acm.org/10.1145/3127479.3131209},
  Xdoi       = {10.1145/3127479.3131209},
  Xtimestamp = {Fri, 29 Sep 2017 11:29:02 +0200},
  Xbiburl    = {http://dblp.org/rec/bib/conf/cloud/BurtsevJKEM17},
  Xbibsource = {dblp computer science bibliography, http://dblp.org}
}


@inproceedings{graceDLS,
  author    = {Michael Homer and
               {James Noble} and
               Kim B. Bruce and
               Andrew P. Black and
               David J. Pearce},
  title     = {Patterns as objects in {G}race},
  booktitle = {Dynamic Language Symposium {DLS}},
  year      = {2012},
  pages     = {17-28}
}


@article{graceJOT,
  author    = {James Noble and
               Andrew P. Black and
               Kim B. Bruce and
               Michael Homer and
               Timothy Jones},
AUTHOR+an = {1=grant},
  title     = {Grace's Inheritance},
  journal   = {Journal of Object Technology},
  volume    = {16},
  number    = {2},
  pages     = {2:1--35},
  year      = {2017},
  Xurl       = {https://doi.org/10.5381/jot.2017.16.2.a2},
  Xdoi       = {10.5381/jot.2017.16.2.a2},
  Xtimestamp = {Tue, 07 Nov 2017 12:02:59 +0100},
  Xbiburl    = {http://dblp.org/rec/bib/journals/jot/NobleBBHJ17},
  Xbibsource = {dblp computer science bibliography, http://dblp.org}
}

@inproceedings{graceClasses,
  author    = {Timothy Jones and
               Michael Homer and
               {James Noble} and
               Kim B. Bruce},
  title     = {Object Inheritance Without Classes},
  Xbooktitle = {30th European Conference on Object-Oriented Programming, ECOOP 2016,
               July 18-22, 2016, Rome, Italy},
  booktitle = ECOOP,
  pages     = {13:1--13:26},
  year      = {2016},
  Xcrossref  = {DBLP:conf/ecoop/2016},
  Xurl       = {https://doi.org/10.4230/LIPIcs.ECOOP.2016.13},
  Xdoi       = {10.4230/LIPIcs.ECOOP.2016.13},
  Xtimestamp = {Tue, 07 Nov 2017 12:02:58 +0100},
  Xbiburl    = {http://dblp.org/rec/bib/conf/ecoop/0002HNB16},
  Xbibsource = {dblp computer science bibliography, http://dblp.org}
}

@inproceedings{lefthand,
  author    = {James Noble and
               Andrew P. Black and
               Kim B. Bruce and
               Michael Homer and
               Mark S. Miller},
AUTHOR+an = {1=grant},
  title     = {The Left Hand of Equals},
  xbooktitle = {2016 {ACM} International Symposium on New Ideas, New Paradigms, and
               Reflections on Programming and Software, Onward! 2016, Amsterdam,
               The Netherlands, November 2-4, 2016},
  booktitle = {{ONWARD}},
  pages     = {224--237},
  year      = {2016},
  Xcrossref  = {DBLP:conf/oopsla/2016onward},
  Xurl       = {http://doi.acm.org/10.1145/2986012.2986031},
  Xdoi       = {10.1145/2986012.2986031},
  Xtimestamp = {Tue, 07 Nov 2017 12:02:58 +0100},
  Xbiburl    = {http://dblp.org/rec/bib/conf/oopsla/NobleBBHM16},
  Xbibsource = {dblp computer science bibliography, http://dblp.org}
}


@inproceedings{graceBrands,
  author    = {Timothy Jones and
               Michael Homer and
               {James Noble}},
  title     = {Brand Objects for Nominal Typing},
  booktitle = ECOOP,
  Xbooktitle = {29th European Conference on Object-Oriented Programming, {ECOOP} 2015,
               July 5-10, 2015, Prague, Czech Republic},
  pages     = {198--221},
  year      = {2015},
  Xcrossref  = {DBLP:conf/ecoop/2015},
  Xurl       = {https://doi.org/10.4230/LIPIcs.ECOOP.2015.198},
  Xdoi       = {10.4230/LIPIcs.ECOOP.2015.198},
  Xtimestamp = {Tue, 07 Nov 2017 12:02:58 +0100},
  Xbiburl    = {http://dblp.org/rec/bib/conf/ecoop/JonesHN15},
  Xbibsource = {dblp computer science bibliography, http://dblp.org}
}


@inproceedings{wyverncapabilities,
  author    = {Darya Melicher and
               Yangqingwei Shi and
               Alex Potanin and
               Jonathan Aldrich},
  title     = {A Capability-Based Module System for Authority Control},
  Xbooktitle = {31st European Conference on Object-Oriented Programming, {ECOOP} 2017,
               June 19-23, 2017, Barcelona, Spain},
  booktitle = ECOOP,
  pages     = {20:1--20:27},
  year      = {2017},
  Xcrossref  = {DBLP:conf/ecoop/2017},
  Xurl       = {https://doi.org/10.4230/LIPIcs.ECOOP.2017.20},
  Xdoi       = {10.4230/LIPIcs.ECOOP.2017.20},
  Xtimestamp = {Sat, 16 Sep 2017 12:10:17 +0200},
  Xbiburl    = {http://dblp.org/rec/bib/conf/ecoop/MelicherSPA17},
  Xbibsource = {dblp computer science bibliography, http://dblp.org}
}


@TechReport{chainmail,
  author = 	 {Sophia Drossopoulou and James Noble and Toby Murray
                  and Mark S. Miller},
AUTHOR+an = {1=grant; 2=grant; 3=grant},
  title = 	 {Chainmail: Defensively Consistent Modular Specifications for an Open World},
  institution =  {School of Engineering and Computer Science, Victoria
                  University of Wellington},
   xinstitution =  {{VUW}},
  year = 	 2017,
  number = 	 {{ECSTR-17-02}}}


@inproceedings{Dafny10,
  author    = {K. Rustan M. Leino},
  title     = {Dafny: An Automatic Program Verifier for Functional Correctness},
  booktitle = {Logic for Programming, Artificial Intelligence, and Reasoning},
  year      = {2010},
  pages     = {348-370}
}

@inproceedings{thornPOPL,
  author    = {Tobias Wrigstad and
               Francesco Zappa Nardelli and
               Sylvain Lebresne and
               Johan {\"O}stlund and
               Jan Vitek},
  title     = {Integrating typed and untyped code in a scripting language},
  booktitle = {{POPL}},
  year      = {2010},
  pages     = {377-388}
}





@article{HodaNM12,
  author    = {Rashina Hoda and
               {James Noble} and
               Stuart Marshall},
  title     = {Developing a grounded theory to explain the practices of
               self-organizing Agile teams},
  journal   = {Empirical Software Engineering},
  volume    = {17},
  number    = {6},
  year      = {2012},
  pages     = {609-639}
}

@inproceedings{NelsonPN12,
  author    = {Stephen Nelson and
               David J. Pearce and
               {James Noble}},
  title     = {Profiling Field Initialisation in {J}ava},
  booktitle = {Runtime Verification},
  year      = {2012},
  pages     = {292-307}
}

@inproceedings{HodaICSE17,
  author    = {Rashina Hoda and
               {James Noble}},
  title     = {Becoming agile: a grounded theory of agile transitions in practice},
  Xbooktitle = {Proceedings of the 39th International Conference on Software Engineering,
               {ICSE} 2017, Buenos Aires, Argentina, May 20-28, 2017},
  booktitle = ICSE,
  pages     = {141--151},
  year      = {2017},
  Xcrossref  = {DBLP:conf/icse/2017},
  Xurl       = {https://doi.org/10.1109/ICSE.2017.21},
  Xdoi       = {10.1109/ICSE.2017.21},
  timestamp = {Tue, 07 Nov 2017 12:02:58 +0100},
  biburl    = {http://dblp.org/rec/bib/conf/icse/HodaN17},
  bibsource = {dblp computer science bibliography, http://dblp.org}
}

@inproceedings{WatermanICSE15,
  author    = {Michael Waterman and
               {James Noble} and
               George Allan},
  title     = {How Much Up-Front? {A} Grounded theory of Agile Architecture},
  Xbooktitle = {37th {IEEE/ACM} International Conference on Software Engineering,
               {ICSE} 2015, Florence, Italy, May 16-24, 2015, Volume 1},
  booktitle = ICSE,
  pages     = {347--357},
  year      = {2015},
  Xcrossref  = {DBLP:conf/icse/2015-1},
  Xurl       = {https://doi.org/10.1109/ICSE.2015.54},
  Xdoi       = {10.1109/ICSE.2015.54},
  timestamp = {Tue, 07 Nov 2017 12:02:58 +0100},
  biburl    = {http://dblp.org/rec/bib/conf/icse/WatermanNA15},
  bibsource = {dblp computer science bibliography, http://dblp.org}
}

@inproceedings{WestbrookZBS12,
  author    = {Edwin M. Westbrook and
               Jisheng Zhao and
               Zoran Budimlic and
               Vivek Sarkar},
  title     = {Practical Permissions for Race-Free Parallelism},
  booktitle = ECOOP,
  year      = {2012},
  pages     = {614-639}
}



@article{specsharpcacm11,
  author    = {Mike Barnett and
               Manuel F{\"a}hndrich and
               K. Rustan M. Leino and
               Peter M{\"u}ller and
               Wolfram Schulte and
               Herman Venter},
  title     = {Specification and verification: the {S}pec\# experience},
  journal   = {Commun. ACM},
  volume    = {54},
  number    = {6},
  year      = {2011},
  pages     = {81-91}
}

@inproceedings{vcc09,
  author = {Dahlweid, Markus and Moskal, Michal and Santen, Thomas and Tobies, Stephan and Schulte, Wolfram},
  booktitle = {{ICSE} Companion},
  title = {{VCC:} Contract-based Modular Verification of Concurrent C},
  year = {2009},
  pages = {429-430}
}

@inproceedings{GordonPPBD12,
  author    = {Colin S. Gordon and
               Matthew J. Parkinson and
               Jared Parsons and
               Aleks Bromfield and
               Joe Duffy},
  title     = {Uniqueness and reference immutability for safe parallelism},
  booktitle = OOPSLA,
  year      = 2012,
  pages     = {21-40}
}

@InProceedings{covern,
  author = 	 {Toby Murray and Robert Sison and Kai Engelhardt},
AUTHOR+an = {1=grant},
  title = 	 {\textsc{Covern}: A Logic for Compositional Verification of Information Flow Control},
  xbooktitle = {{IEEE} European Symposium on Security and Privacy {(EuroS\&P)}},
  booktitle = {{EuroS\&P}},
  year = 	 2018}



@Article{Hardy88,
  author =       {Hardy, N.},
  title =        {The confused deputy (or why capabilities might have been invented)},
  journal =      {ACM {SIGOPS} Operating Systems Review},
  year =         1988}





@Article{jonesTOPLAS83,
  author = 	 {C. B. Jones},
  title = 	 {Tentative steps toward a development method for interfering programs},
  journal = 	 {{TOPLAS}},
  year = 	 1983}

@inproceedings{AOP-RG-FOAL-08,
  author    = {Raffi Khatchadourian and
               Johan Dovland and
               Neelam Soundarajan},
  title     = {Enforcing behavioral constraints in evolving aspect-oriented programs},
  booktitle = {{FOAL}}, 
  Xbooktitle = {Proceedings of the 7th Workshop on Foundations of Aspect-Oriented Languages, {FOAL} 2008, Brussels, Belgium, April 1, 2008},
  pages     = {19--28},
  year      = {2008},
  Xcrossref  = {DBLP:conf/foal/2008},
  Xurl       = {http://doi.acm.org/10.1145/1394496.1394499},
  Xdoi       = {10.1145/1394496.1394499},
  timestamp = {Sat, 16 Sep 2017 12:12:01 +0200},
  biburl    = {https://dblp.org/rec/bib/conf/foal/KhatchadourianDS08},
  bibsource = {dblp computer science bibliography, https://dblp.org}
}




@inproceedings{MPC-Staden15,
  author    = {Stephan van Staden},
  title     = {On Rely-Guarantee Reasoning},
  booktitle = {Mathematics of Program Construction {(MPC)}},
  pages     = {30--49},
  year      = {2015},
  Xcrossref  = {DBLP:conf/mpc/2015},
  Xurl       = {https://doi.org/10.1007/978-3-319-19797-5_2},
  Xdoi       = {10.1007/978-3-319-19797-5_2},
  timestamp = {Mon, 22 May 2017 17:11:14 +0200},
  biburl    = {https://dblp.org/rec/bib/conf/mpc/Staden15},
  bibsource = {dblp computer science bibliography, https://dblp.org}
}


@inproceedings{concur2007,
  author    = {Viktor Vafeiadis and
               Matthew J. Parkinson},
  title     = {A Marriage of Rely/Guarantee and Separation Logic},
  booktitle = {{CONCUR}},
  pages     = {256--271},
  year      = {2007},
  Xcrossref  = {DBLP:conf/concur/2007},
  Xurl       = {https://doi.org/10.1007/978-3-540-74407-8_18},
  Xdoi       = {10.1007/978-3-540-74407-8_18},
  timestamp = {Fri, 02 Jun 2017 13:01:07 +0200},
  biburl    = {https://dblp.org/rec/bib/conf/concur/VafeiadisP07},
  bibsource = {dblp computer science bibliography, https://dblp.org}
}



@Misc{mitre-unforgivable,
  author = 	 {Steve Christey},
  title = {Unforgivable Vulnerabilities},
howpublished = {{The {MITRE} Corporation}},
  month = 	 aug,
  year = 	 2007,
  note = 	 {\texttt{http://cve.\-mitre.\-org/\-docs/\-docs-2007/\-unfor\-givable.\-pdf}}}

@inproceedings{MackayFJCoq,
  author    = {Julian Mackay and
               Hannes Mehnert and
               Alex Potanin and
               Lindsay Groves and
               Nicholas Robert Cameron},
  title     = {Encoding Featherweight {J}ava with assignment and immutability using
               the Coq proof assistant},
  Xbooktitle = {Proceedings of the 14th Workshop on Formal Techniques for Java-like
               Programs, FTfJP 2012, Beijing, China, June 12, 2012},
  booktitle = FTFJP,
  pages     = {11--19},
  year      = {2012},
  Xcrossref  = {DBLP:conf/ecoop/2012ftfjp},
  Xurl       = {http://doi.acm.org/10.1145/2318202.2318206},
  Xdoi       = {10.1145/2318202.2318206},
  timestamp = {Fri, 26 Aug 2016 14:29:54 +0200},
  biburl    = {https://dblp.org/rec/bib/conf/ecoop/MackayMPGC12},
  bibsource = {dblp computer science bibliography, https://dblp.org}
}


@inproceedings{charlesFSE16,
  author    = {Charles Weir and
               Awais Rashid and
               {James Noble}},
  title     = {Reaching the masses: a new subdiscipline of app programmer education},
  Xbooktitle = {Proceedings of the 24th {ACM} {SIGSOFT} International Symposium on
               Foundations of Software Engineering, {FSE} 2016, Seattle, WA, USA,
               November 13-18, 2016},
  Xbooktitle = {{SIGSOFT} International Symposium on
               Foundations of Software Engineering {(FSE)}},
  booktitle = {FSE},
  pages     = {936--939},
  year      = {2016},
  Xcrossref  = {DBLP:conf/sigsoft/2016},
  Xurl       = {http://doi.acm.org/10.1145/2950290.2983981},
  Xdoi       = {10.1145/2950290.2983981},
  timestamp = {Mon, 06 Nov 2017 16:35:11 +0100},
  biburl    = {https://dblp.org/rec/bib/conf/sigsoft/WeirRN16},
  bibsource = {dblp computer science bibliography, https://dblp.org}
}

@inproceedings{charlesSOUPS16,
  author    = {Charles Weir and
               Awais Rashid and
               {James Noble}},
  title     = {How to Improve the Security Skills of Mobile App Developers? Comparing
               and Contrasting Expert Views},
  Xbooktitle = {2nd Workshop on Security Information Workers, WSIW@SOUPS 2016, Denver,
               CO, USA, June 22, 2016.},
  Xbooktitle = {2nd Workshop on Security Information Workers
                  {(WSIW@SOUPS)}},
  booktitle = {{SOUPS}},
  year      = {2016},
  Xcrossref  = {DBLP:conf/soups/2016wsiw},
  Xurl       = {https://www.usenix.org/conference/soups2016/workshop-program/wsiw16/presentation/weir},
  timestamp = {Mon, 06 Nov 2017 16:35:11 +0100},
  biburl    = {https://dblp.org/rec/bib/conf/soups/WeirRN16},
  bibsource = {dblp computer science bibliography, https://dblp.org}
}

@InCollection{arnd18,
  author = 	 {James Noble and Alex Potanin and Toby Murray and
                  Mark S. Miller},
AUTHOR+an = {1=grant; 3=grant},
  editor = 	 {Peter M{\"u}ller and Ina Schaefer},
  title = 	 {Abstract and Concrete Data Types vs Object Capabilities},
  xbooktitle = 	 {Principled Software Development---Essays Dedicated to Arnd
Poetzsch-Heffter on the Occasion of his 60th Birthday},
  booktitle = 	 {Principled Software Development},
  xpublisher = 	 {Springer-Verlag},
  year = 	 2018}


@Book{crockford2008,
  author =       {Douglas Crockford},
  title =        {JavaScript: the Good Parts},
  xpublisher =    {O'Reilly},
  year =         2008}



@Misc{HolisticWG2.3,
  author = 	 {Sophia Drossopoulou and James Noble and Toby Murray
                  and Mark S. Miller},
  author+an =  {1=grant;2=grant;3=grant;4=grant},
  title = 	 {Holistic Specifications for Robust Programs},
  howpublished = {Presentation by Drossopoulou to IFIP WG2.3},
  month = 	 may,
  year = 	 2018,
  note = 	 {Available from {\footnotesize\texttt{https:\-//www.\-doc.\-ic.\-ac.\-uk/}\textasciitilde\texttt{scd/\-Holistic\-\_Specs.\-WG2.3.pdf}}}}


@Misc{aba,
  author = 	 {Treiber, R. Kent},
  title = 	 {Systems programming: {C}oping with parallelism},
  xhowpublished = {IBM Corp. TJ Watson Research Center},
  xhowpublished = {{IBM}},
  year = 	 1986}


@inproceedings{ddx,
  author    = {Dominique Devriese and
               Lars Birkedal and
               Frank Piessens},
  title     = {Reasoning about Object Capabilities with Logical Relations and Effect
               Parametricity},
  booktitle = {{IEEE} European Symposium on Security and Privacy (EuroS{\&}P)},
  Xpages     = {147--162},
  year      = {2016},
  Xdoi       = {10.1109/EuroSP.2016.22}
}




%%from modularity2015 rejecta

@Article{behavSurvey2012,
  author = 	 {John Hatcliff and Gary T. Leavens and K. Rustan M. Leino and Peter Müller and Matthew J. Parkinson},
  title = 	 {Behavioral interface specification languages},
  journal = 	 {{ACM} Comput.Surv.},
  year = 	 2012,
  volume = 	 44,
  number = 	 3,
  pages = 	 16}

@Article{whiley15,
  author = 	 {D.J. Pearce and L.J. Groves},
  title = 	 {Designing a Verifying Compiler: Lessons Learned from Developing {Whiley}},
  journal = 	 {{Sci.\ Comput.\ Prog.}},
  year = 	 2015}


@inproceedings{AspectJML,
  author    = {Henrique Reb{\^{e}}lo and
               Gary T. Leavens and
               Mehdi Bagherzadeh and
               Hridesh Rajan and
               Ricardo Massa Ferreira Lima and
               Daniel M. Zimmerman and
               M{\'{a}}rcio Corn{\'{e}}lio and
               Thomas Th{\"{u}}m},
  title     = {{AspectJML}: {M}odular specification and runtime checking for crosscutting contracts}, 
  booktitle = {{MODULARITY}},
  year      = 2014
}



@InProceedings{AspectLTL,
  author = 	 {Shahar Maoz and Yaniv Sa'ar},
  title = 	 {{AspectLTL: An} aspect language for {LTL} specifications},
  booktitle = {{MODULARITY}},
  year = 	 2011}


@inproceedings{AspectJ,
    author = "G. Kiczales and E. Hilsdale and J. Hugunin and M. Kersten and J. Palm and W. G. Griswold",
    title = "An Overview of {AspectJ}",
    booktitle = {{ECOOP}},
    year = 2001
}


@InProceedings{DbCAspectJ,
  author = 	 {Tim Molderez and Dirk Janssens},
  title = 	 {Design by contract for aspects, by aspects},
  booktitle = {{FOAL}},
  year = 	 2012}





@article{Lewis_73,
author = {David Lewis},
title = {Causation},
journal = {Journal of Philosophy},
volume = {70},
number = {17},
xxpages = {556--567},
year = {1973}
}


@book{Hoare:CSP,
author = {C. A. R. Hoare},
title = {Communicating Sequential Processes},
publisher = {Prentice Hall},
year = {1985}
}

@article{JamesMorris,
author= {Morris Jr., James H.},
title= {Protection in Programming Languages},
journal = {{CACM}},
year = 1973,
volume = 16,
number = 1
}


 
@InProceedings{capeFTfJP14,
  author = 	 {James Noble and Sophia Drossopoulou},
  title = 	 {Rationally Reconstructing the Escrow Example},
  booktitle = {{FTfJP}},
  year = 	 2014}


@InProceedings{capeIFM14,
  author = 	 {Sophia Drossopoulou and James Noble},
  title = 	 {How to Break the Bank: Semantics of Capability Policies},
  booktitle = {iFM},
  year = 	 2014}

@Misc{WAS-OOPSLA14-TR,
  author =       {Sophia Drossopoulou and James Noble},
  title =        {Towards Capability Policy Specification and Verification},
  XXhowpublished = {available from authors' website},
  month =        may,
  year =         2014,
  note =         {{\footnotesize\texttt{ecs.\-victoria\-.ac.\-nz/\-Main/\-Technical\-Report\-Series}}}
}

@Misc{POSTSUBMITTED,
   author ={Sophia Drossopoulou and James Noble and Mark S. Miller and Toby Murray},
   title = "{R}easoning about {R}isk and {T}rust in an {O}pen {W}orld",
   year = "2015",
   note = "Under Review"
}
@inproceedings{schaeferCbC,
  author    = {Ina Schaefer and
               Tobias Runge and
               Alexander Kn{\"{u}}ppel and
               Loek Cleophas and
               Derrick G. Kourie and
               Bruce W. Watson},
  title     = {Towards Confidentiality-by-Construction},
  booktitle = {Leveraging Applications of Formal Methods, Verification and Validation.
               Modeling - 8th International Symposium, ISoLA 2018, Limassol, Cyprus,
               November 5-9, 2018, Proceedings, Part {I}},
  pages     = {502--515},
  year      = {2018},
  Xcrossref  = {DBLP:conf/isola/2018-1},
  Xurl       = {https://doi.org/10.1007/978-3-030-03418-4\_30},
  Xdoi       = {10.1007/978-3-030-03418-4\_30},
  Xtimestamp = {Mon, 29 Oct 2018 13:44:22 +0100},
  XDbiburl    = {https://dblp.org/rec/bib/conf/isola/SchaeferRKCKW18},
  bXibsource = {dblp computer science bibliography, https://dblp.org}
}


@article{Bengtson,
 author = {Bengtson, Jesper and Bhargavan, Karthikeyan and Fournet, C{\'e}dric and Gordon, Andrew D. and Maffeis, Sergio},
 title = {Refinement Types for Secure Implementations},
 journal = {ACM Trans. Program. Lang. Syst.},
 issue_date = {January 2011},
 volume = {33},
 number = {2},
 month = feb,
 year = {2011},
 xissn = {0164-0925},
 pages = {8:1--8:45},
 articleno = {8},
 numpages = {45},
 xurl = {http://doi.acm.org/10.1145/1890028.1890031},
 xdoi = {10.1145/1890028.1890031},
 xacmid = {1890031},
 publisher = {ACM},
 xaddress = {New York, NY, USA},
} 


@article{Banerjee:2005,
 author = {Banerjee, Anindya and Naumann, David A.},
 title = {Ownership Confinement Ensures Representation Independence for Object-oriented Programs},
 journal = {J. ACM},
 issue_date = {November 2005},
 volume = {52},
 number = {6},
 month = nov,
 year = {2005},
 Xissn = {0004-5411},
 pages = {894--960},
 numpages = {67},
 Xurl = {http://doi.acm.org/10.1145/1101821.1101824},
 Xdoi = {10.1145/1101821.1101824},
 Xacmid = {1101824},
 Xpublisher = {ACM},
 Xaddress = {New York, NY, USA},
 Xkeywords = {Alias control, confinement, data refinement, relational parametricity, simulation},
} 




@InProceedings{helm90,
  author =       "Richard Helm and Ian M. Holland and Dipayan
                 Gangopadhyay",
  title =        "Contracts: Specifying behavioral compositions in
                 object-oriented systems",
  booktitle =    "Proceedings of the Conference on Object-Oriented
                 Programming Systems, Languages, and Applications and 
                 European Conference on Object-Oriented Programming
                 (OOPSLA/ECOOP)",
  pages =        "169--180",
  month =        oct,
  year =         "1990"
}

@string{LNCS = {LNCS}}



@article{Lampson92,
 author = {Butler Lampson and Martin Abadi and Michael Burrows and Edward Wobbler},
 title = {{A}uthentication in {D}istributed {S}ystems: {T}heory and {P}ractice},
 journal = {ACM TOCS},
 volume = 10,
 number = {4},
 year = {1992},
 pages = {265--310} }
   

@Misc{IRAThatcher,
  author =       {{BBC: On This Day}},
  title =        {1984: {T}ory Cabinet in {B}righton bomb blast},
  Xurl = "http://news.bbc.co.uk/onthisday/hi/dates/stories/october/12/newsid_2531000/2531583.stm",
  year =         2015,
  note = "[Online; accessed 15-October-2015]"
}

@InProceedings{pickles,
  author =	{Jens Dietrich and Kamil Jezek and Shawn Rasheed and Amjed Tahir and Alex Potanin},
  title =	{{Evil Pickles: DoS Attacks Based on Object-Graph Engineering}},
  Xbooktitle =	{31st European Conference on Object-Oriented Programming (ECOOP 2017)},
  booktitle =	{{ECOOP}},
  pages =	{10:1--10:32},
  Xseries =	{Leibniz International Proceedings in Informatics (LIPIcs)},
  XISBN =	{978-3-95977-035-4},
  XISSN =	{1868-8969},
  year =	{2017},
  Xvolume =	{74},
  Xeditor =	{Peter M{\"u}ller},
  Xpublisher =	{Schloss Dagstuhl--Leibniz-Zentrum fuer Informatik},
  Zaddress =	{Dagstuhl, Germany},
  XURL =		{http://drops.dagstuhl.de/opus/volltexte/2017/7260},
  XURN =		{urn:nbn:de:0030-drops-72606},
  Xdoi =	{10.4230/LIPIcs.ECOOP.2017.10}
  }

@article{meyer92dbc,
  author    = {Bertrand Meyer},
  title     = {Applying "Design by Contract"},
  journal   = {{IEEE} Computer},
  volume    = {25},
  number    = {10},
  pages     = {40--51},
  year      = {1992},
  Xurl       = {https://doi.org/10.1109/2.161279},
  Zdoi       = {10.1109/2.161279},
  Ztimestamp = {Mon, 30 Oct 2017 11:35:06 +0100},
  Zbiburl    = {https://dblp.org/rec/bib/journals/computer/Meyer92},
  Zbibsource = {dblp computer science bibliography, https://dblp.org}
}

@Book{larch93,
  author ={J. V. Guttag and J. J. Horning},
  title = 	 {Larch: Languages and Tools for Formal Specification},
  publisher = 	 {Springer},
  year = 	 1993}



@InProceedings{scillaOOPSLA19,
  author = 	 {Ilya Sergey and Vaivaswatha Nagaraj and Jacob Johannsen and Amrit Kumar and Anton Trunov and Ken Chan},
  title = 	 {Safer Smart Contract Programming with {S}cilla},
  booktitle = {{OOPSLA}},
  year = 	 2019}



@InProceedings{NPcheckerOOPSLA19,
  author = 	 {Shuai Wang and Chengyu Zhang and Zhendong Su},
  title = 	 {Detecting Nondeterministic Payment Bugs in {E}thereum Smart Contracts},
  booktitle = {{OOPSLA}},
  year = 	 2019}

@InProceedings{VerX,
  author = 	 {Anton Permenev and Dimitar Dimitrov and Petar Tsankov and Dana Drachsler-Cohen and Martin Vechev},
  title = 	 {{VerX:} {S}afety Verification of Smart Contracts},
  booktitle = {{IEEE} Symp.\ on Security and Privacy},
  year = 	 2020}
