 % 
% abbrevs.bib
%

@string{ieeecptr = "{IEEE} Computer"}
@string{ieees= "{IEEE} Software"}
@string{ieeesw = "{IEEE} Software"}
@string{tse = "{IEEE}~Transactions on Software Engineering"}
@string{cga = "{IEEE} Computer Graphics"}
@string{icse = "{IEEE}~International Conference on Software Engineering (ICSE)"}


% workshop up to 1992
% symposium from 1993		  

@string{vlw = "{IEEE} Workshop on Visual Languages"}
@string{vls = "{IEEE} Symposium on Visual Languages"}

@string{ACM= "{ACM}"}
@string{acs= "{ACM}~Computing Surveys"}
@string{compsurv = "{ACM}~Computing Surveys"}
@string{cacm= "Communications of the {ACM}"}
@string{jacm= "Journal of the {ACM}"}
@string{sigplan = "{ACM} SIGPLAN Notices"}
@string{sen = "{ACM} Software Engineering Notes"}
@string{toplas = "{ACM} Transactions on Programming Languages and Systems"}
@string{tosem = "{ACM} Transactions on Software Engineering and Methodology"}
@string{siggraph = "{ACM} Computer Graphics"}
@string{tog = "{ACM} Transactions on Graphics"}
@string{tois = "{ACM} Transactions on Information Systems"}
@string{tochi = "{ACM} Transactions on Computer-Human Interaction"}

@string{nzjc = "{N}ew {Z}ealand Journal of Computing"}

@string{oopsla = "{OOPSLA} Proceedings"}
@string{ecoop = "{ECOOP} Proceedings"}
@string{ozchi = "{OzCHI} Proceedings"}
		  
@string{uist = "Proc. {ACM} Symposium on User Interface Software and
		  Technology (UIST)"}
@string{chi = "{H}uman {F}actors in {C}omputing {S}ystems ({ACM} {CHI} Conference Proceedings)"}

@string{lasc = "Lisp And Symbolic Computation"}

@string{ibmrj = "IBM Journal of Research and Development"}
@string{ibmjrd = "IBM Journal of Research and Development"}
@string{ibmsysj = "IBM Systems Journal"}

@string{spe = "Software---Practice and Experience"}
@string{jvlc = "Journal of Visual Languages and Computing"}
@string{joos = "Journal of Object Oriented Systems"}
@string{joop = "Journal of Object-Oriented Programming"}

@string{mitai = "M.I.T. A~I~Laboratory"}
@string{decsrc = "{DEC}	{S}ystems {R}esearch {C}entre"}

@string{ph= "Prentice-Hall"}
@string{aw= "Addison-Wesley"}
@string{sv= "Springer-Verlag"}
@string{lncs= "Lecture Notes in Computer Science"}
@string{isics= "International Series in Computer Science"}

@string{iwaoos = "Intercontinental Workshop on Aliasing in Object-Oriented Systems"}
@string{iwaco = "International Workshop on Aliasing, Confinement and Ownership in Object-oriented Programming"}


